
  @article{DBLP:journals/corr/abs-1001-5079,
  author    = {Percy Deift and
               C. Sinan G{\"{u}}nt{\"{u}}rk and
               Felix Krahmer},
  title     = {An Optimal Family of Exponentially Accurate One-Bit Sigma-Delta Quantization Schemes},
  journal   = {CoRR},
  volume    = {abs/1001.5079},
  year      = {2010},
  url       = {http://arxiv.org/abs/1001.5079},
  timestamp = {Mon, 05 Dec 2011 18:05:02 +0100},
  biburl    = {http://dblp.uni-trier.de/rec/bib/journals/corr/abs-1001-5079},
  bibsource = {dblp computer science bibliography, http://dblp.org}
}

@article{ito1944stochastic,
  title={Stochastic integral},
  author={It{\^o}, K.},
  journal={Proceedings of the Japan Academy, Series A, Mathematical Sciences},
  volume={20},
  number={8},
  pages={519--524},
  year={1944},
  publisher={The Japan Academy}
}

@book{janson1997gaussian,
  title={{G}aussian {H}ilbert Spaces},
  author={Janson, S.},
  number={129},
  year={1997},
  publisher={Cambridge Univ Pr}
}

@article{hida1976analysis,
  title={Analysis of Brownian functionals},
  author={Hida, T.},
  journal={Stochastic Systems: Modeling, Identification and Optimization, I},
  pages={53--59},
  year={1976},
  publisher={Springer}
}

@inproceedings{duncan2009control,
  title={Control of some linear stochastic systems with a fractional Brownian motion},
  author={Duncan, TE and Pasik-Duncan, B.},
  booktitle={Decision and Control, 2009 held jointly with the 2009 28th Chinese Control Conference. CDC/CCC 2009. Proceedings of the 48th IEEE Conference on},
  pages={8518--8522},
  year={2009},
  organization={IEEE}
  }

@article{hu2005stochastic,
  title={Stochastic control for linear systems driven by fractional noises},
  author={Hu, Y. and Zhou, X.Y.},
  journal={SIAM journal on control and optimization},
  volume={43},
  pages={2245},
  year={2005}
}

@article{NualartTaqqu2008,
author = {Nualart, David and Taqqu, Murad S.},
title = {Wick–It{\^o} formula for regular processes and applications to the Black and Scholes formula},
journal = {Stochastics An International Journal of Probability and Stochastic Processes},
volume = {80},
number = {5},
pages = {477-487},
year = {2008},
doi = {10.1080/17442500801928788},
}

@article{potthoff1991characterization,
  title={A characterization of Hida distributions},
  author={Potthoff, J. and Streit, L.},
  journal={Journal of Functional Analysis},
  volume={101},
  number={1},
  pages={212--229},
  year={1991},
  publisher={Elsevier}
}

@book{gamal2011network,
  title={Network Information Theory},
  author={Gamal, A.E. and Kim, Y.H.},
  isbn={9781107008731},
  lccn={2012392138},
  year={2011},
  publisher={Cambridge University Press}
}

@ARTICLE{1056251, 
author={Witsenhausen, H.S.}, 
journal=IEEE_J_IT, 
title={Indirect rate distortion problems}, 
year={1980}, 
volume={26}, 
number={5}, 
pages={518-521}, 
keywords={Rate-distortion theory;Communication channels;Communication standards;Decoding;Inspection;Noise reduction;Rate-distortion;Stochastic processes}, 
doi={10.1109/TIT.1980.1056251}, 
ISSN={0018-9448},}

@ARTICLE{1057738, 
author={Dobrushin, R. and Tsybakov, B.}, 
journal=IRE_J_IT, 
title={Information transmission with additional noise}, 
year={1962}, 
volume={8}, 
number={5},
pages={293-304}, 
keywords={Coding;Information theory;Ambient intelligence;Channel capacity;Decoding;Equations;Noise measurement;Q measurement}, 
doi={10.1109/TIT.1962.1057738}, 
ISSN={0096-1000},}

@ARTICLE{Berger1998, 
author={Berger, T. and Gibson, J.D.}, 
journal=IEEE_J_IT, 
title={Lossy source coding}, 
year={1998}, 
volume={44}, 
number={6}, 
pages={2693-2723}, 
keywords={audio coding;history;image coding;rate distortion theory;reviews;source coding;speech coding;video coding;fidelity criterion;high-quality audio coding;lossy compression;lossy source coding;overview;rate-distortion theory;speech coding;still image coding;video coding;Data compression;Distortion measurement;Image coding;Phase change materials;Pulse modulation;Rate-distortion;Source coding;Speech coding;Testing;Video compression}, 
doi={10.1109/18.720552}, 
ISSN={0018-9448},}

@INPROCEEDINGS{1628751, 
author={Kafedziski, V.}, 
booktitle={Statistical Signal Processing, 2005 IEEE/SP 13th Workshop on}, 
title={Rate distortion of stationary and nonstationary vector {G}aussian sources}, 
year={2005}, 
pages={1054-1059}, 
keywords={Gaussian processes;Toeplitz matrices;eigenvalues and eigenfunctions;rate distortion theory;Toeplitz matrices;eigenvalue distribution;ergodic vector process;nonstationary vector Gaussian sources;random ergodic operator theory;rate distortion;Codes;Distortion measurement;Eigenvalues and eigenfunctions;Finite impulse response filter;Gaussian processes;Rate-distortion;Source coding;Sufficient conditions;Terminology;Vectors}, 
doi={10.1109/SSP.2005.1628751},}

@ARTICLE{Pinsker1954, 
author={Pinsker, M. S.}, 
journal={Dokl. Akad. Nauk. USSR},
title={Computation of the message rate of a stationary random process
and the capacity of a stationary channel}, 
year={1956},  
volume={111}, 
pages={753-766}
}

@ARTICLE{1054469,
author={Wolf, J.K. and Ziv, J.}, 
journal=IEEE_J_IT, 
title={Transmission of noisy information to a noisy receiver with minimum distortion}, 
year={1970}, 
volume={16}, 
number={4}, 
pages={406-411}, 
keywords={Coding;Decoding;Source coding;Data mining;Decoding;Feature extraction;Helium;Information theory;Integral equations;Laboratories;Signal detection;Statistics;Telephony}, 
doi={10.1109/TIT.1970.1054469}, 
ISSN={0018-9448},}

@article{eldar2000filterbank,
  title={Filterbank reconstruction of bandlimited signals from nonuniform and generalized samples},
  author={Eldar, Yonina C. and Oppenheim, Alan V},
  journal=IEEE_J_SP,
  volume={48},
  number={10},
  pages={2864--2875},
  year={2000},
  publisher={IEEE}
}

@ARTICLE{KipnisCyclo, 
author={Alon Kipnis and Andrea J. Goldsmith and Yonina C. Eldar}, 
journal=IEEE_J_IT, 
title={The Distortion Rate Function of Cyclostationary {G}aussian Processes}, 
year={2017}, 
volume={PP}, 
number={99}, 
pages={1-1}, 
keywords={Baseband;Distortion;Eigenvalues and eigenfunctions;Gaussian processes;Modulation;Rate distortion theory;Source coding}, 
doi={10.1109/TIT.2017.2741978}, 
ISSN={0018-9448}, 
month={Aug},}


@book{papoulis2002probability,
  title={Probability, Random Variables and Stochastic Processes},
  author={Papoulis, A. and Pillai, S.},
  isbn={9780073660110},
  lccn={2001044139},
  series={McGraw-Hill electrical and electronic engineering series},
  year={2002},
  publisher={McGraw-Hill Education}
}

@book{2009introduction,
  author={Haykin, S.S.},
  title={An Introduction to Analog and Digital Communications},
  isbn={9788126509324},
  year={2009},
  publisher={Wiley India Pvt. Limited}
}

@ARTICLE{52200, 
author={Vaidyanathan, P.P.}, 
journal={Proceedings of the IEEE}, 
title={Multirate digital filters, filter banks, polyphase networks, and applications: a tutorial}, 
year={1990}, 
volume={78}, 
number={1}, 
pages={56-93}, 
keywords={digital filters;encoding;filtering and prediction theory;signal processing;M-band quadrature mirror filter;QMF banks;block digital filtering;building blocks;digital audio;digital crossover networks;errors;filter banks;fractional sampling rate conversion;multirate coding;multirate digital signal processing;narrowband filter coefficients;periodically time-varying systems;polyphase networks;signal reconstruction;subband coding;voice privacy systems;Digital filters;Digital signal processing;Error analysis;Filter bank;Mirrors;Narrowband;Privacy;Signal reconstruction;Signal sampling;Tutorial}, 
doi={10.1109/5.52200}, 
ISSN={0018-9219},}

@ARTICLE{4663942, 
author={Tomer Michaeli and Yonina C. Eldar}, 
journal=IEEE_J_SP,
title={High-Rate Interpolation of Random Signals From Nonideal Samples}, 
year={2009}, 
volume={57}, 
number={3}, 
pages={977-992}, 
keywords={Wiener filters;interpolation;least mean squares methods;signal reconstruction;signal sampling;MSE;Wiener filtering;digital correction system;filtered version;interpolation kernel;mean squared error;minimum MSE estimation;nonideal samples;nonoptimal kernel;random signal reconstruction;Estimation;Wiener filtering;generalized sampling;interpolation;random processes}, 
doi={10.1109/TSP.2008.2008548}, 
ISSN={1053-587X},}


@ARTICLE{815501, 
author={Matthews, M.B.}, 
journal=IEEE_J_SP, 
title={On the linear minimum-mean-squared-error estimation of an undersampled wide-sense stationary random process}, 
year={2000}, 
volume={48}, 
number={1}, 
pages={272-275}, 
keywords={Wiener filters;filtering theory;least mean squares methods;noise;parameter estimation;random processes;signal representation;signal sampling;spectral analysis;aliased Wiener filter;closed form functions;linear minimum-mean-squared-error estimation;noise;power spectral density functions;sampling interval;second-order innovations representation;undersampled wide-sense stationary random process;uniformly spaced samples;Chemical processes;Density functional theory;Frequency estimation;Moon;Oceans;Random processes;Sampling methods;Signal sampling;Technological innovation;Wiener filter}, 
doi={10.1109/78.815501}, 
ISSN={1053-587X},}

@article {Shannon1948,
 author = {Shannon, C. E.},
 TITLE = {A mathematical theory of communication},
 JOURNAL = {Bell System Tech. J.},
 VOLUME = {27}, 
 YEAR = {1948},
 PAGES = {379--423, 623--656},
 MRCLASS = {60.0X},
 MRNUMBER = {10,133e},
 MRREVR = {J. L. Doob},}

@article {MR0028549,
    AUTHOR = {Shannon, Claude E.},
     TITLE = {Communication in the presence of noise},
   JOURNAL = IRE_J_IT,
    VOLUME = {37},
      YEAR = {1949},
     PAGES = {10--21},
   MRCLASS = {60.0X},
  MRNUMBER = {MR0028549 (10,464e)},
MRREVIEWER = {J. L. Doob}, }

@ARTICLE{ShannonMeetsNyquist, 
author={Yuxin Chen and Eldar, Yonina C. and Goldsmith, Andrea J.}, 
journal=IEEE_J_IT, 
title={Shannon Meets {N}yquist: Capacity of Sampled {G}aussian Channels}, 
year={2013}, 
volume={59}, 
number={8}, 
pages={4889-4914}, 
keywords={Gaussian channels;MIMO communication;channel bank filters;information theory;mean square error methods;modulation;MSE;SNR;channel Nyquist rate;filter banks;filter-bank sampling strategies;information theory;mean-squared error estimation;modulation;multiple-input multiple-output channels;nonuniform sampling techniques;optimal sampling structures;out-of-band noise;sampled Gaussian channels capacity;sampled analog channels;sampling theory;subNyquist sampling strategy;subNyquist sampling techniques;Bandwidth;Channel capacity;Frequency response;Modulation;Receivers;Signal to noise ratio;Channel capacity;sampled analog channels;sampling rate;sub-Nyquist sampling}, 
doi={10.1109/TIT.2013.2254171}, 
ISSN={0018-9448},}

@book{goldberg1965fourier,
  title={Fourier Transforms},
  author={Goldberg, R.R.},
  series={Cambridge tracts in mathematics and mathematical physics},
  year={1965},
  publisher={Cambridge University Press}
}

@book{berger1971rate,
  title={Rate-distortion theory: A mathematical basis for data compression},
  author={Berger, Toby},
  year={1971},
  publisher={Englewood Cliffs, NJ: Prentice-Hall}
}

@ARTICLE{Kailath3Decades, 
author={Kailath, T.}, 
journal=IEEE_J_IT, 
title={A view of three decades of linear filtering theory}, 
year={1974}, 
volume={20}, 
number={2}, 
pages={146-181}, 
keywords={Bibliographies;Least-squares estimation;Filtering theory;Helium;Information theory;Interpolation;Maximum likelihood detection;Modems;Nonlinear filters;Signal processing algorithms;Smoothing methods;Wiener filter}, 
doi={10.1109/TIT.1974.1055174}, 
ISSN={0018-9448},}

@ARTICLE{WienerHopf1931, 
author={Wiener, N. and Hopf, E.}, 
journal={Proc. Prussian Acad., Math.-Phys. Ser., p. 696, 1931}, 
title={On a class of singular integral equations}, 
}

@article{ValkiraNorros1996,
     jstor_articletype = {research-article},
     title = {On the Prediction of Fractional Brownian Motion},
     author = {Gripenberg, Gustaf and Norros, Ilkka},
     journal = {Journal of Applied Probability},
     jstor_issuetitle = {},
     volume = {33},
     number = {2},
     jstor_formatteddate = {Jun., 1996},
     pages = {pp. 400-410},
     url = {http://www.jstor.org/stable/3215063},
     ISSN = {00219002},
     language = {English},
     year = {1996},
     publisher = {Applied Probability Trust},
     copyright = {Copyright © 1996 Applied Probability Trust},
    }


@book{pinsker1964information,
  title={Information and information stability of random variables and processes},
  author={Pinsker, S.},
  lccn={lc64014623},
  series={Holden-Day series in time series analysis},
  year={1964},
  publisher={Holden-Day}
}

@book{ThomasCover,
  author    = {Thomas M. Cover and
               Joy A. Thomas},
  title     = {Elements of information theory (2. ed.)},
  publisher = {Wiley},
  year      = {2006},
  isbn      = {978-0-471-24195-9},
  pages     = {I-XXIII, 1-748},
}


@book{gallager1968information,
  title={Information theory and reliable communication},
  author={Gallager, R.G.},
  lccn={lc68026850},
  year={1968},
  publisher={Wiley}
}

@article{DBLP:journals/corr/abs-0901-4275,
  author    = {Hyun Sung Chang and
               Yair Weiss and
               William T. Freeman},
  title     = {Informative Sensing},
  journal   = {CoRR},
  volume    = {abs/0901.4275},
  year      = {2009},
  ee        = {http://arxiv.org/abs/0901.4275},
  bibsource = {DBLP, http://dblp.uni-trier.de}
}

@ARTICLE{335948, 
author={Shamai, S.}, 
journal=IEEE_J_IT, 
title={Information rates by oversampling the sign of a bandlimited process}, 
year={1994}, 
volume={40}, 
number={4}, 
pages={1230-1236}, 
keywords={channel capacity;information theory;poles and zeros;stochastic processes;Nyquist intervals;Nyquist rate;autocorrelation function;average mutual information;average transition rate;bilevel process;binary random variables;constraints;finite resolution;hard-limited version;information rates;logarithmic behavior;nonstationary bounded bandlimited process;oversampled binary samples;oversampling-based communication systems;real zeros;sign oversampling;stationary sign process;upper bound;zero crossings resolution;Bandwidth;Communication systems;Filtering theory;Information rates;Performance gain;Random variables;Sampling methods;Signal processing;Signal resolution;Upper bound}, 
doi={10.1109/18.335948}, 
ISSN={0018-9448},}

@ARTICLE{EldarMichaeliBeyond, 
author={Eldar, Y. C. and Michaeli, T.}, 
journal=IEEE_M_SP, 
title={Beyond bandlimited sampling}, 
year={2009}, 
volume={26}, 
number={3}, 
pages={48-68}, 
keywords={bandlimited signals;signal processing;audio formats;bandlimited sampling;biomedical imaging;communication system;continuous-time nature;digital applications;discrete-time representation;discrete-time signal processing;image mosaics;image sequences;lens distortion correction;sampling rate conversion;signal processing device;software radio;super-resolution;Biomedical signal processing;Communication systems;Digital signal processing;Heart;Image converters;Image sampling;Information resources;Sampling methods;Signal processing;Signal sampling}, 
doi={10.1109/MSP.2009.932125}, 
ISSN={1053-5888},}

@ARTICLE{wu2011optimal, 
author={Yihong Wu and Verdu, S.}, 
journal=IEEE_J_IT,
title={Optimal Phase Transitions in Compressed Sensing}, 
year={2012}, 
volume={58}, 
number={10}, 
pages={6241-6263}, 
keywords={compressed sensing;encoding;error statistics;linear codes;Gaussian sensing matrices;analog signals;compressed sensing;error probability;linear encodings;measurement rate;noise sensitivity;optimal linear encoders;optimal nonlinear encoders;optimal phase transitions;phase transition threshold;random linear encoders;reconstruction fidelity;replica heuristics;Compressed sensing;Decoding;Measurement uncertainty;Noise;Noise measurement;Sensors;Vectors;Compressed sensing;Rényi information dimension;Shannon theory;joint source-channel coding;minimum mean-square error (MMSE) dimension;phase transition;random matrix}, 
doi={10.1109/TIT.2012.2205894}, 
ISSN={0018-9448}, 
month={Oct},}

@INPROCEEDINGS{kipnis2018isit, 
author={Alon Kipnis and Galen Reeves and Yonina C. Eldar}, 
booktitle={2018 IEEE International Symposium on Information Theory (ISIT)}, 
title={Single Letter Formulas for Quantized Compressed Sensing with Gaussian Codebooks}, 
year={2018}, 
volume={}, 
number={}, 
pages={71-75}, 
keywords={}, 
doi={10.1109/ISIT.2018.8437761}, 
ISSN={2157-8117}, 
month={June},}


@INPROCEEDINGS{kipnis2017isit, 
author={Alon Kipnis and Galen Reeves and Yonina C. Eldar and Andrea J. Goldsmith}, 
booktitle={2017 IEEE International Symposium on Information Theory (ISIT)}, 
title={Compressed sensing under optimal quantization}, 
year={2017}, 
volume={}, 
number={}, 
pages={2148-2152}, 
keywords={channel coding;compressed sensing;Gaussian channels;least mean squares methods;quantisation (signal);signal sampling;compressed sensing;optimal quantization;sparse vector recovery;noisy random linear projections;minimal distortion;sampling ratio;singe-letter expression;sparse source indirect distortion-rate function;Gaussian channel;quantization scheme;MMSE;source vector encoding;Distortion;Quantization (signal);Noise measurement;Signal to noise ratio;Source coding;Mutual information}, 
doi={10.1109/ISIT.2017.8006909}, 
ISSN={2157-8117}, 
month={June},}


@article{donoho2009message,
  title={Message-passing algorithms for compressed sensing},
  author={Donoho, David L. and Maleki, Arian and Montanari, Andrea},
  journal={Proceedings of the National Academy of Sciences},
  volume={106},
  number={45},
  pages={18914--18919},
  year={2009},
  publisher={National Acad Sciences}
}

@article{donoho2012information,
  title={Information-theoretically optimal compressed sensing via spatial coupling and approximate message passing},
  author={Donoho, David L and Javanmard, Adel and Montanari, Andrea},
  journal=IEEE_J_IT,
  volume={59},
  number={11},
  pages={7434--7464},
  year={2013},
  publisher={IEEE}
}

@article{Gardner:2006,
 author = {Gardner, William A. and Napolitano, Antonio and Paura, Luigi},
 title = {Cyclostationarity: Half a Century of Research},
 journal = {Signal Process.},
 issue_date = {April 2006},
 volume = {86},
 number = {4},
 month = apr,
 year = {2006},
 issn = {0165-1684},
 pages = {639--697},
 numpages = {59},
 doi = {10.1016/j.sigpro.2005.06.016},
 acmid = {1139726},
 publisher = {Elsevier North-Holland, Inc.},
 address = {Amsterdam, The Netherlands, The Netherlands},
 keywords = {almost-cyclostationary processes, almost-cyclostationary time series, bibliography, cyclostationarity},
} 

@article{gardner1986spectral,
  title={The spectral correlation theory of cyclostationary time-series},
  author={Gardner, William A},
  journal={Signal processing},
  volume={11},
  number={1},
  pages={13--36},
  year={1986},
  publisher={Elsevier}
}

@book{gardner1994cyclostationarity,
  title={Cyclostationarity in communications and signal processing},
  author={Gardner, W.A.},
  isbn={9780780304345},
  lccn={93021059},
  series={Electrical engineering, communications and signal processing},
  year={1994},
  publisher={IEEE Press}
}

@article{wu2010renyi,
  title={R{\'e}nyi information dimension: Fundamental limits of almost lossless analog compression},
  author={Wu, Yihong and Verd{\'u}, Sergio},
  journal=IEEE_J_IT,
  volume={56},
  number={8},
  pages={3721--3748},
  year={2010},
  publisher={IEEE}
}

@article{gavzntavzrk2004approximating,
  title={Approximating a bandlimited function using very coarsely quantized data: improved error estimates in sigma-delta modulation},
  author={G{\~A}{\v{z}}nt{\~A}{\v{z}}rk, C},
  journal={Journal of the American Mathematical Society},
  volume={17},
  number={1},
  pages={229--242},
  year={2004}
}

@article{BlockToeplitz,
year={1996},
issn={0008-0624},
journal={CALCOLO},
volume={33},
number={1-2},
doi={10.1007/BF02575707},
title={Singular values and eigenvalues of non-hermitian block Toeplitz matrices},
publisher={Springer-Verlag},
author={Tilli, Paolo},
pages={59-69},
language={English}
}

@book{grenander1958toeplitz,
  title={Toeplitz Forms and Their Applications},
  author={Grenander, U. and Szeg{\H{o}}, G.},
  lccn={58001161},
  series={California monographs in mathematical sciences},
  year={1958},
  publisher={University of California Press}
}


@ARTICLE{1096820, 
author={Gardner, W.A.}, 
journal=IEEE_J_COM, 
title={Spectral Correlation of Modulated Signals: Part I--Analog Modulation}, 
year={1987}, 
volume={35}, 
number={6}, 
pages={584-594}, 
keywords={Correlations;Modulation/demodulation;Amplitude modulation;Detectors;Frequency synchronization;Phase modulation;Pulse modulation;Quadrature amplitude modulation;Signal analysis;Signal design;Signal detection;Signal processing}, 
doi={10.1109/TCOM.1987.1096820}, 
ISSN={0090-6778},}


@book{karatzas1991brownian,
  title={Brownian Motion and Stochastic Calculus},
  author={Karatzas, I. and Shreve, S.E.},
  isbn={9780387976556},
  lccn={96167783},
  series={Graduate Texts in Mathematics},
  year={1991},
  publisher={Springer New York}
}

@book{gelfand1959calculation,
  title={Calculation of the amount of information about a random function contained in another such function},
  author={Gelfand, Israel and Iaglom, Akiva},
  year={1959},
  publisher={American Mathematical Society}
}

@ARTICLE{1054470, 
author={Gray, R.M.}, 
journal=IEEE_J_IT, 
title={Information rates of autoregressive processes}, 
year={1970}, 
volume={16}, 
number={4}, 
pages={412-421}, 
keywords={Autoregressive processes;Rate-distortion theory;Autoregressive processes;Codes;Constraint theory;Contracts;Distortion measurement;Helium;Information rates;Random processes;Rate distortion theory;Rate-distortion}, 
doi={10.1109/TIT.1970.1054470}, 
ISSN={0018-9448},}

@article{berger1970information,
  title={Information rates of {W}iener processes},
  author={Berger, Toby},
  journal=IEEE_J_IT,
  volume={16},
  number={2},
  pages={134--139},
  year={1970},
  publisher={IEEE}
}

@article{osborn1991implications,
  title={The implications of periodically varying coefficients for seasonal time-series processes},
  author={Osborn, Denise R},
  journal={Journal of Econometrics},
  volume={48},
  number={3},
  pages={373--384},
  year={1991},
  publisher={Elsevier}
}

@ARTICLE{1090615, 
author={Chan, D. and Donaldson, R.W.}, 
journal=IEEE_J_COMT, 
title={Optimum Pre-and Postfiltering of Sampled Signals with Application to Pulse Modulation and Data Compression Systems}, 
year={1971}, 
month={April}, 
volume={19}, 
number={2}, 
pages={141-157}, 
keywords={Amplitude modulation;Convolution;Data compression;Filtering;Filters;Passband;Phase change materials;Pulse compression methods;Pulse modulation;Signal analysis}, 
doi={10.1109/TCOM.1971.1090615}, 
ISSN={0018-9332},}


@article{logit,
     jstor_articletype = {research-article},
     title = {Algorithm AS 292: Fisher Information Matrix for the Extreme Value, Normal and Logistic Distributions and Censored Data},
     author = {Escobar, Luis A. and Meeker, William Q., Jr},
     journal = {Journal of the Royal Statistical Society. Series C (Applied Statistics)},
     jstor_issuetitle = {},
     volume = {43},
     number = {3},
     jstor_formatteddate = {1994},
     pages = {pp. 533-540},
     url = {http://www.jstor.org/stable/2986276},
     ISSN = {00359254},
     abstract = {},
     language = {English},
     year = {1994},
     publisher = {Wiley for the Royal Statistical Society},
     copyright = {Copyright © 1994 Royal Statistical Society},
    }

@ARTICLE{Usner2000, 
author={Unser, M.}, 
journal={Proceedings of the IEEE}, 
title={Sampling-50 years after Shannon}, 
year={2000}, 
month={April}, 
volume={88}, 
number={4}, 
pages={569-587}, 
keywords={Hilbert spaces;information theory;interpolation;least squares approximations;radial basis function networks;signal sampling;splines (mathematics);wavelet transforms;Hilbert-space formulation;Papoulis generalized sampling;Shannon's formulation;anti-aliasing prefilters;approximation error;band-limited functions;finite elements;frames;interpolation models;irregular sampling;multiwavelets;nonbandlimited input;orthogonal projection;radial basis functions;regular sampling;sampling paradigm;sampling rate;sampling theorem;shift-in-variant function spaces;splines;wavelet theory;Approximation error;Finite element methods;Frequency;Hilbert space;Image reconstruction;Information theory;Interpolation;Least squares approximation;Sampling methods;Signal sampling}, 
doi={10.1109/5.843002}, 
ISSN={0018-9219},}

@ARTICLE{Papoulis1977, 
author={Papoulis, A.}, 
journal=IEEE_J_CAS, 
title={Generalized sampling expansion}, 
year={1977}, 
month={Nov}, 
volume={24}, 
number={11}, 
pages={652-654}, 
keywords={Band-limited signals;General circuits and systems theory;Signal sampling/reconstruction;Algorithm design and analysis;Artificial intelligence;Computer networks;Design engineering;Large scale integration;Large-scale systems;Mathematics;Optimization methods;Quadratic programming;Sampling methods}, 
doi={10.1109/TCS.1977.1084284}, 
ISSN={0098-4094},}

@ARTICLE{664240, 
author={Yuan-Pei Lin and Vaidyanathan, P.P.}, 
journal=IEEE_J_CASII, 
title={Periodically nonuniform sampling of bandpass signals}, 
year={1998}, 
month={Mar}, 
volume={45}, 
number={3}, 
pages={340-351}, 
keywords={signal reconstruction;signal sampling;Fourier transform;bandpass signal;continuous time band-limited signal;periodically nonuniform sampling;reconstruction;Bandwidth;Filters;Fourier transforms;Frequency;Interpolation;Nonuniform sampling;Sampling methods;Signal synthesis;Sufficient conditions},
doi={10.1109/82.664240}, 
ISSN={1057-7130},}

@ARTICLE{718806, 
author={Unser, M. and Zerubia, J.}, 
journal=IEEE_J_CASII, 
title={A generalized sampling theory without band-limiting constraints}, 
year={1998}, 
month={Aug}, 
volume={45}, 
number={8}, 
pages={959-969}, 
keywords={filtering theory;functions;information theory;modulation;signal reconstruction;signal sampling;splines (mathematics);statistical analysis;wavelet transforms;approximation;band-limited function;band-limiting constraints;continuous-time function reconstruction;generalized sampling theory;interlaced sampling;linear shift-invariant systems;modulation analysis;multivariate filter;perfect reconstruction filter bank;polyphase representation;reconstruction algorithm;reconstruction subspace;spline;wavelet expansion;Constraint theory;Filters;Fourier transforms;Image reconstruction;Image sampling;Reconstruction algorithms;Sampling methods;Signal resolution;Signal synthesis;Spline}, 
doi={10.1109/82.718806}, 
ISSN={1057-7130},}

@article{Landau1967,
year={1967},
issn={0001-5962},
journal={Acta Mathematica},
volume={117},
number={1},
doi={10.1007/BF02395039},
title={Necessary density conditions for sampling and interpolation of certain entire functions},
publisher={Kluwer Academic Publishers},
author={Landau, H.J.},
pages={37-52},
language={English},
}

@ARTICLE{1057404, 
author={Balakrishnan, A.}, 
journal=IRE_J_IT, 
title={A note on the sampling principle for continuous signals}, 
year={1957}, 
month={June}, 
volume={3}, 
number={2}, 
pages={143-146}, 
keywords={Signal sampling/reconstruction;Stochastic signals;Equations;Gaussian processes;Information theory;Interpolation;Least squares methods;Newton method;Recursive estimation;Sampling methods;Signal processing;Signal sampling;Stochastic processes}, 
doi={10.1109/TIT.1957.1057404}, 
ISSN={0096-1000},}

@ARTICLE{1162788, 
author={Bellanger, M.G. and Bonnerot, G. and Coudreuse, M.}, 
journal=IEEE_J_ASSP, 
title={Digital filtering by polyphase network: Application to sample-rate alteration and filter banks}, 
year={1976}, 
month={Apr}, 
volume={24}, 
number={2}, 
pages={109-114}, 
keywords={Computer networks;Digital filters;Discrete Fourier transforms;Filter bank;Filtering;Frequency;Low pass filters;Phase shifters;Signal processing;Signal sampling}, 
doi={10.1109/TASSP.1976.1162788}, 
ISSN={0096-3518},}


@article{daubechies2003approximating,
  title={Approximating a bandlimited function using very coarsely quantized data: A family of stable sigma-delta modulators of arbitrary order},
  author={Daubechies, Ingrid and DeVore, Ron},
  journal={Annals of Mathematics},
  pages={679--710},
  year={2003},
  publisher={JSTOR}}
  
  @book{candy1962oversampling,
  title={Oversampling delta-sigma data converters: theory, design, and simulation},
  author={Candy, J.C. and Temes, G.C.},
  isbn={9780879422462},
  lccn={91019110},
  series={Selected reprint series},
  year={1992},
  publisher={IEEE Press}
}


@article{chen2013minimax,
  title={Minimax capacity loss under sub-{N}yquist universal sampling},
  author={Chen, Yuxin and Goldsmith, Andrea and Eldar, Yonina C},
  journal={arXiv preprint arXiv:1304.7751},
  year={2013}
}

@ARTICLE{NotOnlyForSavingSpace, 
author={Ningde Xie and Guiqiang Dong and Tong Zhang}, 
journal=IEEE_J_C, 
title={Using Lossless Data Compression in Data Storage Systems: Not for Saving Space}, 
year={2011}, 
month={March}, 
volume={60}, 
number={3}, 
pages={335-345}, 
keywords={data compression;disc drives;error correction codes;firmware;flash memories;hard discs;operating systems (computers);parity check codes;redundancy;ECC;NAND flash memories;coding redundancy;energy consumption;error correction code;firmware;hard disk drives;lossless data compression;low density parity check code;mass data storage;operating systems;performance metrics;signal processing;Data storage;NAND flash memory;error correction code.;hard disk drive;lossless compression}, 
doi={10.1109/TC.2010.150}, 
ISSN={0018-9340},}

@TECHREPORT{Burrows94ablock-sorting,
    author = {M. Burrows and D. J. Wheeler and M. Burrows and D. J. Wheeler},
    title = {A block-sorting lossless data compression algorithm},
    institution = {},
    year = {1994}
}

@article{korn2003optimal,
  title={Optimal binary communication with nonequal probabilities},
  author={Korn, Israel and Fonseka, John P and Xing, Shaohui},
  journal=IEEE_J_COM,
  volume={51},
  number={9},
  pages={1435--1438},
  year={2003},
  publisher={IEEE}
}

@article{effros2002universal,
  title={Universal lossless source coding with the Burrows Wheeler transform},
  author={Effros, Michelle and Visweswariah, Karthik and Kulkarni, Sanjeev R and Verd{\'u}, Sergio},
  journal=IEEE_J_IT,
  volume={48},
  number={5},
  pages={1061--1081},
  year={2002},
  publisher={IEEE}
}

@article{mishali2011sub,
  title={Sub-{N}yquist sampling},
  author={Mishali, Moshe and Eldar, Yonina C.},
  journal=IEEE_M_SP,
  volume={28},
  number={6},
  pages={98--124},
  year={2011},
  publisher={IEEE}
}

@article{silesia,
  title={Silesia compression corpus},
  author={Sebastian Deorowicz},
  journal={Standard lossless data compression corpora},
  url={http://sun.aei.polsl.pl/\%7Esdeor/index.php?page=silesia},
}

@ARTICLE{Kipnis2014, 
author={Kipnis, Alon and Goldsmith, Andrea J. and Eldar, Yonina C. and Weissman, Tsachy}, 
journal=IEEE_J_IT,
title={Distortion Rate Function of Sub-{N}yquist Sampled {G}aussian Sources}, 
year={2016}, 
volume={62}, 
number={1}, 
pages={401-429}, 
keywords={Distortion;Mutual information;Noise;Noise measurement;Optimization;Rate-distortion;Source coding;Gaussian processes;Source coding;rate-distortion;remote source coding;sub-Nyquist sampling}, 
doi={10.1109/TIT.2015.2485271}, 
ISSN={0018-9448}, 
month={Jan},}

@ARTICLE{1447892, 
author={Landau, H.J.}, 
journal=IEEE_J_PROC, 
title={Sampling, data transmission, and the {N}yquist rate}, 
year={1967}, 
month={Oct}, 
volume={55}, 
number={10}, 
pages={1701-1706}, 
keywords={Bandwidth;Communication systems;Costs;Data communication;Frequency;Helium;Modems;Sampling methods;Sequences;Telephony}, 
doi={10.1109/PROC.1967.5962}, 
ISSN={0018-9219},}


@ARTICLE{YuxinNonUniform, 
author={Yuxin Chen and Goldsmith, Andrea J. and Eldar, Yonina C.}, 
journal=IEEE_J_IT, 
title={Channel Capacity Under Sub-{N}yquist Nonuniform Sampling}, 
year={2014}, 
month={Aug}, 
volume={60}, 
number={8}, 
pages={4739-4756}, 
keywords={Gaussian channels;channel bank filters;channel capacity;sampling methods;transceivers;analog channel;capacity gain;channel capacity;filterbank sampling;filtering single branch;frequency set;irregular nonuniform sampling;irregular nonuniform sampling sets;linear time-invariant Gaussian channel;modulation single branch;optimal sampling structures;power constraint;random mixing;receiver;right-invertible time-preserving sampling methods;sampling rate;signal-to-noise ratio;spectral components aliasing;spectral components scrambling;spectral sets;spectrum-blind compressive sampling schemes;subNyquist nonuniform sampling effect;transmitter;uniform sampling grid;Channel capacity;Data preprocessing;Measurement;Modulation;Nonuniform sampling;Upper bound;Beurling density;Nonuniform sampling;channel capacity;irregular sampling;sampled analog channels;sub-Nyquist sampling;time-preserving sampling systems}, 
doi={10.1109/TIT.2014.2323406}, 
ISSN={0018-9448},}


@INPROCEEDINGS{1238199, 
author={Wing-Kai Hon and Sadakane, K. and Wing-Kin Sung}, 
booktitle={Foundations of Computer Science, 2003. Proc. 44th Annual IEEE Symposium on}, 
title={Breaking a time-and-space barrier in constructing full-text indices}, 
year={2003}, 
month={Oct}, 
pages={251-260}, 
keywords={computational complexity;indexing;text analysis;tree data structures;trees (mathematics);FM-index;compressed suffix array;compressed suffix tree;constant-size alphabets;construction algorithm;full-text index;polynomial time;space-efficient algorithm;time-and-space barrier;unit-cost word RAM;Biotechnology;Chromium;Computer science;DNA;Data structures;Indexing;Information technology;Proteins;Read-write memory;Sequences}, 
doi={10.1109/SFCS.2003.1238199}, 
ISSN={0272-5428},}

@misc{beurling1961closure,
  title={On the closure of a sequence of exponentials on a segment, Multigraphed lectures, Summer Institute on Harmonic Analysis},
  author={Beurling, A and Malliavin, P},
  year={1961},
  publisher={Stanford University, Stanford, CA}
}

@article{landau1964sparse,
  title={A sparse regular sequence of exponentials closed on large sets},
  author={Landau, HJ},
  journal={Bulletin of the American Mathematical Society},
  volume={70},
  number={4},
  pages={566--569},
  year={1964}
}

@ARTICLE{5672380, 
author={de la Rosa, J.M.}, 
journal=IEEE_J_CAS, 
title={Sigma-Delta Modulators: Tutorial Overview, Design Guide, and State-of-the-Art Survey}, 
year={2011}, 
month={Jan}, 
volume={58}, 
number={1}, 
pages={1-21}, 
keywords={CMOS digital integrated circuits;nanoelectronics;sigma-delta modulation;ΣΔ modulators;circuit errors;cutting-edge ΣΔ architectures;nanometer CMOS;sigma-delta modulators;wireless telecom systems;Architecture;Modulation;Noise shaping;Quantization;Signal to noise ratio;Transfer functions;Sigma-delta modulation;oversampling analog-to-digital conversion}, 
doi={10.1109/TCSI.2010.2097652}, 
ISSN={1549-8328},}

@ARTICLE{1055440, 
author={Gray, R.M. and Neuhoff, D.L. and Omura, J.}, 
journal=IEEE_J_IT, 
title={Process definitions of distortion-rate functions and source coding theorems}, 
year={1975}, 
month={Sep}, 
volume={21}, 
number={5}, 
pages={524-532}, 
keywords={Rate-distortion theory;Channel capacity;Constraint theory;Control engineering;Control engineering computing;Distortion measurement;Entropy;Military computing;Random processes;Source coding;Stochastic processes}, 
doi={10.1109/TIT.1975.1055440}, 
ISSN={0018-9448},}

@ARTICLE{52724, 
author={Chao, K.C.-H. and Nadeem, S. and Lee, W.L. and Sodini, C.G.}, 
journal=IEEE_J_CAS, 
title={A higher order topology for interpolative modulators for oversampling A/D converters}, 
year={1990}, 
month={Mar}, 
volume={37},
number={3}, 
pages={309-318}, 
keywords={analogue-digital conversion;circuit analysis computing;interpolation;modulators;network topology;poles and zeros;stability;time-domain analysis;2.1 MHz;20 kHz;ADC;delta-sigma modulators;generalized simulation software package;high-pass filter;high-resolution conversion;higher order topology;integrated circuit implementation;interpolative modulators;modulator coefficients;oversampling A/D converters;oversampling interpolative coding;poles and zeros;quantization noise response;stability;time-domain behavior;Application software;Circuit noise;Circuit simulation;Circuit stability;Filters;Noise reduction;Poles and zeros;Quantization;Stability analysis;Topology}, 
doi={10.1109/31.52724}, 
ISSN={0098-4094},}

@article {BLTJ1340,
author = {Bennett, W. R.},
title = {Spectra of Quantized Signals},
journal = {Bell System Technical Journal},
volume = {27},
number = {3},
publisher = {Blackwell Publishing Ltd},
issn = {1538-7305},
doi = {10.1002/j.1538-7305.1948.tb01340.x},
pages = {446--472},
year = {1948},
}

@ARTICLE{1095151, 
author={Candy, J.C. and Benjamin, O.}, 
journal=IEEE_J_COM, 
title={The Structure of Quantization Noise from Sigma-Delta Modulation}, 
year={1981}, 
month={Sep}, 
volume={29}, 
number={9}, 
pages={1316-1323}, 
keywords={Delta modulation;Amplitude modulation;Circuit noise;Clocks;Delta modulation;Delta-sigma modulation;Digital modulation;Frequency;Low pass filters;Noise level;Quantization}, 
doi={10.1109/TCOM.1981.1095151}, 
ISSN={0090-6778},}


@ARTICLE{1096814, 
author={Gray, R.M.}, 
journal=IEEE_J_COM, 
title={Oversampled Sigma-Delta Modulation}, 
year={1987}, 
month={May}, 
volume={35}, 
number={5}, 
pages={481-489}, 
keywords={A/D converters;ADC;Analog-to-digital conversion (ADC);Delta modulation;Additive noise;Additive white noise;Analog-digital conversion;Circuit noise;Delta-sigma modulation;Demodulation;Mathematical model;Noise robustness;Nonlinear systems;Quantization}, 
doi={10.1109/TCOM.1987.1096814}, 
ISSN={0090-6778},}


@book{gray2011entropy,
  title={Entropy and information theory},
  author={Gray, Robert M},
  volume={1},
  year={2011},
  publisher={Springer}
}

@book{gersho1992vector,
  title={Vector quantization and signal compression},
  author={Gersho, A. and Gray, R.M.},
  isbn={9780792391814},
  lccn={lc91028580},
  series={Kluwer international series in engineering and computer science: Communications and information theory},
  year={1992},
  publisher={Springer US}
}


@ARTICLE{59924, 
author={Gray, R.M.}, 
journal=IEEE_J_IT, 
title={Quantization noise spectra}, 
year={1990}, 
month={Nov}, 
volume={36}, 
number={6}, 
pages={1220-1244}, 
keywords={analogue-digital conversion;delta modulation;interference (signal);pulse-code modulation;PCM;dithered PCM;dithered sigma-delta modulation;noise spectra;quantization noise;scalar quantization;second-order sigma-delta modulation;sigma-delta modulation;two-stage sigma-delta modulation;Additive white noise;Delta-sigma modulation;Digital communication;Feedback loop;Linear approximation;Phase change materials;Quantization;Random processes;Signal processing;White noise}, 
doi={10.1109/18.59924}, 
ISSN={0018-9448},}

@ARTICLE{258137, 
author={Thao, N.T. and Vetterli, M.}, 
journal=IEEE_J_SP, 
title={Reduction of the MSE in R-times oversampled {A/D} conversion {O(1/R)} to {O(1/R\^2)}}, 
year={1994}, 
month={Jan}, 
volume={42}, 
number={1}, 
pages={200-203}, 
keywords={analogue-digital conversion;error analysis;low-pass filters;signal processing;MSE;lowpass filtering;mean squared error;optimal reconstruction;oversampled analog-to-digital conversion;oversampling ratio;periodic analog input signals;signal reconstruction method;Analog-digital conversion;Filtering;Frequency;Information analysis;Lead time reduction;Quantization;Reconstruction algorithms;Sampling methods;Signal analysis}, 
doi={10.1109/78.258137}, 
ISSN={1053-587X},}

@article{aziz1996overview,
  title={An overview of sigma-delta converters},
  author={Aziz, Pervez M and Sorensen, Henrik V and others},
  journal=IEEE_M_SP,
  volume={13},
  number={1},
  pages={61--84},
  year={1996},
  publisher={IEEE}
}

@ARTICLE{5419072, 
author={Mishali, M. and Eldar, Y. C.}, 
journal=IEEE_J_STSP,
title={From Theory to Practice: Sub-{N}yquist Sampling of Sparse Wideband Analog Signals}, 
year={2010}, 
month={April}, 
volume={4}, 
number={2}, 
pages={375-391}, 
keywords={analogue-digital conversion;blind source separation;demodulators;low-pass filters;numerical analysis;signal reconstruction;signal sampling;waveform analysis;analog input reconstruction;analog-to-digital conversion;blind sub-Nyquist sampling;digital architecture;digital processing;discrete multitone signal;hardware device;low-pass filter;modulated wideband converter;multiband signal;numerical simulation;periodic nonuniform sampling;periodic waveform;random demodulator;sparse wideband analog signal;spectral support;Analog-to-digital conversion (ADC);compressive sampling (CS);infinite measurement vectors (IMV);multiband sampling;spectrum-blind reconstruction;sub-Nyquist sampling}, 
doi={10.1109/JSTSP.2010.2042414}, 
ISSN={1932-4553},}

@book{gray1990entropy,
  title={Entropy and information theory},
  author={Gray, R.M.},
  isbn={9783540973713},
  lccn={90211114},
  year={1990},
  publisher={Springer-Verlag}
}

@book{gray2009probability,
  title={Probability, Random Processes, and Ergodic Properties},
  author={Gray, R.M.},
  isbn={9781441910905},
  lccn={2009932896},
  year={2009},
  publisher={Springer}
}

@ARTICLE{gray1998quantization, 
author={Gray, R.M. and Neuhoff, D.L.}, 
journal=IEEE_J_IT, 
title={Quantization}, 
year={1998}, 
month={Oct}, 
volume={44}, 
number={6}, 
pages={2325-2383}, 
keywords={Gaussian processes;analogue-digital conversion;data compression;encoding;history;pulse code modulation;quantisation (signal);rate distortion theory;reviews;Gaussian processes;analog-to-digital conversion;data compression;high-resolution analysis;history;modulation;pulse-code modulation;quantization;rate distortion theory;review;Analog-digital conversion;Data compression;Gaussian noise;Gaussian processes;Helium;History;Pulse modulation;Quantization;Rate distortion theory;Source coding}, 
doi={10.1109/18.720541}, 
ISSN={0018-9448},}


@INPROCEEDINGS{KipnisITW2015, 
author={Kipnis, Alon and Goldsmith, Andrea J. and Eldar, Yonina C.}, 
booktitle={Information Theory Workshop (ITW), 2015 IEEE}, 
title={Sub-{N}yquist Sampling Achieves Optimal Rate-Distortion}, 
year={2015}, 
pages={1-5}, 
keywords={Gaussian processes;distortion;source coding;Gaussian source;Gaussian stationary process;Nyquist rate;minimal sampling frequency;optimal rate-distortion;optimal rate-distortion trade-off;rate-distortion function;rate-limited sub-Nyquist samples;relaxing perfect reconstruction;subnyquist sampling;Distortion;Electrical engineering;Frequency measurement;Nonuniform sampling;Rate distortion theory;Rate-distortion;Source coding}, 
doi={10.1109/ITW.2015.7133113}, 
month={April},}

@ARTICLE{32155, 
author={Chou, W. and Wong, P.W. and Gray, R.M.}, 
journal=IEEE_J_IT,
title={Multistage sigma-delta modulation}, 
year={1989}, 
month={Jul}, 
volume={35}, 
number={4}, 
pages={784-796}, 
keywords={analogue-digital conversion;delta modulation;signal processing;DC inputs;binary quantizer noise;ideal low-pass filter;linear combinatorial network;m-stage modulator;multistage sigma-delta modulation;noise-shaping characteristic;oversampling ratio;quantization noise;sincm+1 filter decoder;single-loop sigma-delta modulators;sinusoidal inputs;spectral characteristics;Circuits;Decoding;Delta-sigma modulation;Feedback loop;Frequency;Low pass filters;Noise level;Noise shaping;Quantization;Signal to noise ratio}, 
doi={10.1109/18.32155}, 
ISSN={0018-9448},}

@ARTICLE{135642, 
author={Ning He and Kuhlmann, F. and Buzo, A.}, 
journal=IEEE_J_IT, 
title={Multiloop sigma-delta quantization}, 
year={1992}, 
month={May}, 
volume={38}, 
number={3}, 
pages={1015-1028}, 
keywords={analogue-digital conversion;delta modulation;error statistics;filtering and prediction theory;DC input;L-loop modulator;asymptotic system performances;decoding filter;error process;multiloop sigma-delta modulator;oversampling ratios;signal-to-quantization-noise ratio;sinusoidal inputs;statistical behavior;Decoding;Delta-sigma modulation;Feedback loop;Helium;Noise shaping;Nonlinear filters;Quantization;Signal processing;System performance;Timing}, 
doi={10.1109/18.135642}, 
ISSN={0018-9448},}

@INPROCEEDINGS{471715, 
author={Thao, N.T. and Vetterli, M.}, 
booktitle={The Twenty-Eighth Asilomar Conference on Signals, Systems and Computers}, 
title={Lower bound on the mean squared error in multi-loop {S}igma {D}elta modulation with periodic bandlimited signals}, 
year={1994},
month={Oct}, 
volume={2}, 
pages={1536-1540 vol.2}, 
ISSN={1058-6393},}

@ARTICLE{1056489, 
author={Lloyd, S.}, 
journal=IEEE_J_IT, 
title={Least squares quantization in {PCM}}, 
year={1982}, 
month={Mar}, 
volume={28}, 
number={2}, 
pages={129-137}, 
keywords={Least-squares approximation;PCM communication;Quantization (signal);Signal quantization;Amplitude modulation;Frequency;Helium;Laplace equations;Least squares methods;Phase change materials;Pulse modulation;Quantization;Sampling methods;Voltage}, 
doi={10.1109/TIT.1982.1056489}, 
ISSN={0018-9448},}

@ARTICLE{1057548, 
author={Max, J.}, 
journal=IRE_J_IT, 
title={Quantizing for minimum distortion}, 
year={1960}, 
month={March}, 
volume={6}, 
number={1}, 
pages={7-12}, 
keywords={Signal sampling/reconstruction;Decision theory;Distortion measurement;Distributed computing;Equations;Error analysis;Information theory;Maximum likelihood detection;Maximum likelihood estimation;Probability;Quantization;Signal detection;Transmitters;Yield estimation}, 
doi={10.1109/TIT.1960.1057548}, 
ISSN={0096-1000},}

@ARTICLE{370112, 
author={Zamir, R. and Feder, M.}, 
journal=IEEE_J_IT, 
title={Rate-distortion performance in coding bandlimited sources by sampling and dithered quantization}, 
year={1995}, 
month={Jan}, 
volume={41}, 
number={1}, 
pages={141-154}, 
keywords={Gaussian channels;encoding;entropy;quantisation (signal);signal sampling;Nyquist rate;additive noise channel;coding rate;continuous-time bandlimited stationary sources;dithered uniform quantization;encoding;entropy coding;lattice quantization;mean-square error;quantizer output;rate distortion characteristics;rate distortion performance;sampling period;sampling rate;second moment;subtractive dither;white Gaussian noise channel;Additive noise;Bandwidth;Information analysis;Information rates;Lattices;Quantization;Rate distortion theory;Rate-distortion;Sampling methods;Signal resolution}, 
doi={10.1109/18.370112}, 
ISSN={0018-9448},}



@INPROCEEDINGS{112709, 
author={Ritoniemi, T. and Karema, T. and Tenhunen, H.}, 
booktitle={Circuits and Systems, 1990., IEEE International Symposium on}, 
title={Design of stable high order 1-bit sigma-delta modulators}, 
year={1990}, 
month={May}, 
pages={3267-3270 vol.4}, 
keywords={analogue-digital conversion;modulators;network synthesis;stability;ADC;linear analog/digital converter;quantiser gain;sigma-delta modulators;sixth-order modulator;stability analysis;CMOS technology;Clocks;Delta-sigma modulation;Design methodology;Frequency;Noise shaping;Quantization;Signal design;Signal processing;Voltage}, 
doi={10.1109/ISCAS.1990.112709},}

@ARTICLE{1697556, 
author={Oliver, B.M. and Pierce, J.R. and Shannon, C.E.}, 
journal=IRE_J_IT, 
title={The Philosophy of {PCM}}, 
year={1948}, 
month={Nov}, 
volume={36}, 
number={11}, 
pages={1324-1331}, 
doi={10.1109/JRPROC.1948.231941}, 
ISSN={0096-8390},}

@inproceedings{pinsker1954mutual,
  title={Mutual information between a pair of stationary {G}aussian random processes},
  author={Pinsker, Mark S},
  booktitle={Dokl. Akad. Nauk. USSR},
  volume={99},
  number={2},
  pages={213--216},
  year={1954}
}

@ARTICLE{904518, 
author={Cvetkovic, Z. and Vetterli, M.}, 
journal=IEEE_J_IT, 
title={On simple oversampled {A/D} conversion in L2(R)}, 
year={2001}, 
month={Jan}, 
volume={47}, 
number={1}, 
pages={146-154}, 
keywords={bandlimited signals;quantisation (signal);signal sampling;analog signal;band-limited functions;band-limited signals;bit rate;digital sequence;exponential decay;oversampled A/D conversion;oversampled analog-to-digital conversion;quantization threshold crossings;quantized samples;sampling frequency;sampling interval;stable sampling sequence;Bit rate;Costs;Error analysis;Floors;Information analysis;Quantization;Rate-distortion;Sampling methods;Signal analysis;Signal processing}, 
doi={10.1109/18.904518}, 
ISSN={0018-9448},}

@ARTICLE{4373396, 
author={Cvetkovic, Z. and Daubechies, I. and Logan, B.F., Jr.}, 
journal=IEEE_J_IT, 
title={Single-Bit Oversampled {A/D} Conversion With Exponential Accuracy in the Bit Rate}, 
year={2007}, 
month={Nov}, 
volume={53}, 
number={11}, 
pages={3979-3989}, 
keywords={analogue-digital conversion;interpolation;quantisation (signal);signal reconstruction;signal sampling;distortion-rate characteristic;input band-limited signal;oversampling factor;single-bit oversampled A/D conversion;single-bit quantization;zero-crossings;Bit rate;Costs;Data compression;Distortion;Helium;Interpolation;Mathematics;Quantization;Sampling methods;Signal resolution;Analog-to-digital (A/D) conversion;dither;quantization;sampling;single bit}, 
doi={10.1109/TIT.2007.907508}, 
ISSN={0018-9448},}

@article{zhang2002characterization,
  title={{On characterization of entropy function via information inequalities}},
  author={Zhang, Z. and Yeung, R.W.},
  journal=IEEE_J_IT,
  volume={44},
  number={4},
  pages={1440--1452},
  issn={0018-9448},
  year={2002},
  publisher={IEEE}
}



@INPROCEEDINGS{KipnisAllerton2013, 
author={Alon Kipnis and Andrea J. Goldsmith and Tsachy Weissman and Yonina C. Eldar}, 
booktitle={2013 51st Annual Allerton Conference on Communication, Control, and Computing (Allerton)}, 
title={Distortion rate function of sub-Nyquist sampled Gaussian sources corrupted by noise}, 
year={2013}, 
pages={901-908}, 
keywords={Gaussian noise;distortion;information theory;signal reconstruction;signal sampling;statistical analysis;continuous time Gaussian stationary process;distortion rate function;distortion-rate-frequency function;information theory;input signal statistics;mean square error;minimal possible distortion;minimum variance reconstruction;noise corrupted Gaussian sources;optimal presampling filter;process reconstruction;rate distortion;reverse water filling;sampling frequency;signal processing;subNyquist sampled Gaussian sources;subNyquist uniform sampling;undersampled Gaussian process;Adaptive optics;Estimation error}, 
doi={10.1109/Allerton.2013.6736621}, 
month={Oct},}


@inproceedings{KipnisAllerton2014,
  title={{G}aussian Distortion-Rate Function under sub-{N}yquist Nonuniform Sampling},
  author={Kipnis, Alon and Goldsmith, Andrea J and Eldar, Yonina C},
  booktitle={Communication, Control, and Computing (Allerton), 2014 52nd Annual Allerton Conference on},
  pages={874--880},
  year={2014},
  organization={IEEE}
}

@INPROCEEDINGS{KipnisAllerton2015, 
title={Optimal Trade-off Between Sampling Rate and Quantization Precision in {A/D} conversion}, 
author={Kipnis, Alon and Eldar, Yonina C. and Goldsmith, Andrea J.}, 
booktitle={53th Annual Allerton Conference on Communication, Control, and Computing (Allerton)}, 
year={2015},
organization={IEEE}
}

@INPROCEEDINGS{KipnisSampTA2015, 
author={Alon Kipnis and Andrea J. Goldsmith and Yonina C. Eldar}, 
booktitle={2015 International Conference on Sampling Theory and Applications (SampTA)}, 
title={Optimal trade-off between sampling rate and quantization precision in Sigma-Delta A/D conversion}, 
year={2015}, 
pages={627-631}, 
keywords={quantisation (signal);sigma-delta modulation;signal sampling;Nyquist rate;additive white noise;analog-digital converter;in-band quantization noise reduction;maximal sampling rate;optimal sampling rate;quantization error;sampling rate-quantization precision trade-off;sigma-delta modulator;Approximation methods;Bit rate;Modulation;Quantization (signal);Sigma-delta modulation;Signal to noise ratio}, 
doi={10.1109/SAMPTA.2015.7148967}, 
month={May},}


@ARTICLE{KipnisBitrate, 
author={Alon Kipnis and Yonina C. Eldar and Andrea J. Goldsmith}, 
journal={IEEE Transactions on Information Theory}, 
title={Fundamental Distortion Limits of Analog-to-Digital Compression}, 
year={2018}, 
volume={64}, 
number={9}, 
pages={6013-6033}, 
keywords={Distortion;Bit rate;Source coding;Analog-digital conversion;Quantization (signal);Noise measurement;Electrical engineering;Sampling;analog to digital;source coding;lossy compression;sub-Nyquist sampling;nonuniform sampling;Gaussian processes}, 
doi={10.1109/TIT.2018.2857822}, 
ISSN={0018-9448}, 
month={Sept},}

@UNPUBLISHED{KipnisCS, 
  author = {Kipnis, Alon and Reeves, Galen and Eldar, Yonina C.},
  title = {},
  year = {2018},
  note = {in preparation},
}

@article{chan2002relation,
  title={{On a relation between information inequalities and group theory}},
  author={Chan, T.H. and Yeung, R.W.},
  journal=IEEE_J_IT,
  volume={48},
  number={7},
  pages={1992--1995},
  issn={0018-9448},
  year={2002},
  publisher={IEEE}
}

@ARTICLE{1056823, 
author={Kolmogorov, A.}, 
journal=IRE_J_IT, 
title={On the Shannon theory of information transmission in the case of continuous signals}, 
year={1956}, 
month={December}, 
volume={2}, 
number={4}, 
pages={102-108}, 
keywords={Information theory;Bandwidth;Entropy;Gaussian distribution;Information theory;Mathematics;Particle measurements;Terminology}, 
doi={10.1109/TIT.1956.1056823}, 
ISSN={0096-1000},}

@article{Berger1968254,
title = "Rate distortion theory for sources with abstract alphabets and memory",
journal = "Information and Control",
volume = "13",
number = "3",
pages = "254 - 273",
year = "1968",
note = "",
issn = "0019-9958",
author = "Toby Berger",
}

@article{gray1970information,
  title={Information rates of autoregressive processes},
  author={Gray, Robert M},
  journal=IEEE_J_IT,
  volume={16},
  number={4},
  pages={412--421},
  year={1970},
  publisher={IEEE}
}

@ARTICLE{930935, 
author={Viswanathan, H. and Zamir, R.}, 
journal=IEEE_J_IT, 
title={On the whiteness of high-resolution quantization errors}, 
year={2001}, 
month={Jul}, 
volume={47}, 
number={5}, 
pages={2029-2038}, 
keywords={correlation methods;error analysis;random processes;signal resolution;source coding;vector quantisation;white noise;asymptotic whiteness property;asymptotically uncorrelated quantization errors;correlated discrete-time process;dependent real random variables;distortion;high-resolution quantization errors;joint Fisher information;nonuniform quantization;quantization cells;quantization noise;quantization theory;smooth joint distribution;source coding;source samples;uniform scalar quantization;vector quantization;white noise;Associate members;Decoding;Estimation error;Image coding;Random variables;Rate-distortion;Source coding;Speech enhancement;Thumb;Vector quantization}, 
doi={10.1109/18.930935}, 
ISSN={0018-9448},}

@article{calderbank2002pros,
  title={The pros and cons of democracy},
  author={Calderbank, A. Robert and Daubechies, Ingrid},
  journal=IEEE_J_IT,
  volume={48},
  number={6},
  pages={1721--1725},
  year={2002}
}

@article{gunturk2003one,
  title={One-bit sigma-delta quantization with exponential accuracy},
  author={G{\"u}nt{\"u}rk, C Sinan},
  journal={Communications on Pure and Applied Mathematics},
  volume={56},
  number={11},
  pages={1608--1630},
  year={2003},
  publisher={Wiley Online Library}
}

@ARTICLE{1603759, 
author={Daubechies, I. and DeVore, R.A. and Gunturk, C.S. and Vaishampayan, V.A.}, 
journal=IEEE_J_IT, 
title={ {A/D} conversion with imperfect quantizers}, 
year={2006}, 
month={March}, 
volume={52}, 
number={3}, 
pages={874-885}, 
keywords={encoding;pulse code modulation;quantisation (signal);sigma-delta modulation;signal sampling;PCM;analog-to-digital converter;circuit implementation;coarse quantization;encoder;oversampling;pulse code modulation;rate-distortion sense;self-correction property;sigma-delta modulation;signal sampling;Analog-digital conversion;Bit rate;Delta-sigma modulation;Modulation coding;Phase change materials;Pulse circuits;Pulse modulation;Pulse width modulation converters;Quantization;Rate-distortion;Analog-to-digital (A/D) conversion;beta expansion;quantization;robustness;sigma–delta modulation}, 
doi={10.1109/TIT.2005.864430}, 
ISSN={0018-9448},}


@book{norsworthy1997delta,
  title={Delta-Sigma data converters: theory, design, and simulation},
  author={Norsworthy, S.R. and Schreier, R. and Temes, G.C. and IEEE Circuit \& Systems Society},
  isbn={9780780310452},
  lccn={96014774},
  year={1997},
  publisher={IEEE Press}
}

@ARTICLE{485717, 
author={Thao, N.T. and Vetterli, M.}, 
journal=IEEE_J_IT, 
title={Lower bound on the mean-squared error in oversampled quantization of periodic signals using vector quantization analysis}, 
year={1996}, 
month={Mar}, 
volume={42}, 
number={2}, 
pages={469-479}, 
keywords={decoding;low-pass filters;signal reconstruction;signal sampling;vector quantisation;analog-to-digital conversion technique;coarse quantization;high conversion resolution;lower bound;lowpass filtering;mean-squared error;optimal reconstruction;oversampled quantization;oversampling ratio;partition cell density;periodic signals;reconstruction mean-squared error;upper bound;vector quantization analysis;Analog-digital conversion;Band pass filters;Decoding;Digital filters;Digital integrated circuits;Integrated circuit noise;Quantization;Reconstruction algorithms;Signal resolution;Upper bound}, 
doi={10.1109/18.485717}, 
ISSN={0018-9448},}

@ARTICLE{31143, 
author={Gray, R.M.}, 
journal=IEEE_J_COM, 
title={Spectral analysis of quantization noise in a single-loop sigma-delta modulator with DC input}, 
year={1989}, 
month={Jun}, 
volume={37}, 
number={6}, 
pages={588-599}, 
keywords={analogue-digital conversion;correlation theory;delta modulation;encoding;random noise;spectral analysis;DC input;autocorrelation;binary quantizer noise;binary quantizer output;common uniform distribution;decimation filter;difference equation;discrete-time analysis;discrete-time nonlinear system;first order moments;power spectrum;quantization noise;sample average mean squared quantization error;sample mean;second-order moments;sigma-delta encoder;sigma-delta modulator;single-loop;Decoding;Delta-sigma modulation;Difference equations;Feedback loop;Filters;Nonlinear systems;Quantization;Sampling methods;Signal resolution;Spectral analysis}, 
doi={10.1109/26.31143}, 
ISSN={0090-6778},}

@ARTICLE{1291731, 
author={Gunturk, C.S. and Thao, N.T.}, 
journal=IEEE_J_IT,
title={Refined error analysis in second-order Sigma; Delta; modulation with constant inputs}, 
year={2004}, 
month={May}, 
volume={50}, 
number={5}, 
pages={839-860}, 
keywords={error analysis;mean square error methods;modulators;quantisation (signal);sigma-delta modulation;signal reconstruction;signal resolution;analog-digital conversion;built-in quantizer;error bound;error measurement;exponential sum;k-bit-k-loop modulator;mathematical tiling property;mean-squared error decay;noise transfer function;oversampling ratio;piecewise affine transformation;quantization;refined error analysis;second-order sigma-delta modulation;signal reconstruction;signal resolution;squared-error estimate;two-bit double-loop configuration;uniform distribution;zero frequency;Delta modulation;Delta-sigma modulation;Error analysis;Frequency;Noise level;Numerical simulation;Performance analysis;Signal analysis;Time measurement;Transfer functions}, 
doi={10.1109/TIT.2004.826635}, 
ISSN={0018-9448},}

@ARTICLE{1424312, 
author={Marco, D. and Neuhoff, D.L.}, 
journal=IEEE_J_IT, 
title={The validity of the additive noise model for uniform scalar quantizers}, 
year={2005}, 
month={May}, 
volume={51}, 
number={5}, 
pages={1739-1755}, 
keywords={AWGN channels;convergence;correlation theory;mean square error methods;probability;quantisation (signal);MSE;additive noise model;asymptotic convergence;cell centroids;correlation;mean-squared error;orthogonal noise;probability density function;quantization error;uniform scalar quantizers;Additive noise;Convergence;H infinity control;Information theory;Noise level;Power generation;Probability density function;Quantization;Source coding;Asymptotic quantization;cell centroids;cell midpoints;high-resolution quantization;orthogonal error;orthogonal noise;quantization error;quantization noise;uncorrelated quantization error;uncorrelated quantization noise}, 
doi={10.1109/TIT.2005.846397}, 
ISSN={0018-9448},}

@ARTICLE{1055552, 
author={Masry, E. and Ming-Chuan Lui}, 
journal=IEEE_J_IT, 
title={Discrete-time spectral estimation of continuous-parameter processes -- A new consistent estimate}, 
year={1976}, 
month={May}, 
volume={22}, 
number={3}, 
pages={298-312}, 
keywords={Spectral analysis;Time series;Density functional theory;Electroencephalography;Estimation theory;Linear systems;Mathematics;Physics;Polynomials;Random processes;Sampling methods;Stochastic processes}, 
doi={10.1109/TIT.1976.1055552}, 
ISSN={0018-9448},}

@article{Parzen1961,
     jstor_articletype = {research-article},
     title = {Mathematical Considerations in the Estimation of Spectra},
     author = {Parzen, Emanuel},
     journal = {Technometrics},
     jstor_issuetitle = {},
     volume = {3},
     number = {2},
     jstor_formatteddate = {May, 1961},
     pages = {pp. 167-190},
     url = {http://www.jstor.org/stable/1266111},
     ISSN = {00401706},
     abstract = {},
     language = {English},
     year = {1961},
     publisher = {Taylor & Francis, Ltd. on behalf of American Statistical Association and American Society for Quality},
     copyright = {Copyright © 1961 American Statistical Association and American Society for Quality},
    }

@ARTICLE{567761, 
author={Wong, P.W.}, 
journal=IEEE_J_IT, 
title={Rate distortion efficiency of subband coding with crossband prediction}, 
year={1997}, 
month={Jan}, 
volume={43}, 
number={1}, 
pages={352-356}, 
keywords={Gaussian processes;IIR filters;Markov processes;prediction theory;rate distortion theory;source coding;Gauss-Markov sources;Gaussian sources;asymptotically rate-distortion-optimum coding;crossband prediction;crossband prediction filter;decay;filter coefficients;infinite impulse response;rate distortion efficiency;subband coding;Bandwidth;Bit rate;Encoding;Filter bank;Frequency;Gaussian processes;IIR filters;Image coding;Image reconstruction;Rate-distortion}, 
doi={10.1109/18.567761}, 
ISSN={0018-9448},}

@ARTICLE{904519, 
author={Bolcskei, H. and Hlawatsch, F.}, 
journal=IEEE_J_IT, 
title={Noise reduction in oversampled filter banks using predictive quantization}, 
year={2001}, 
month={Jan}, 
volume={47}, 
number={1}, 
pages={155-172}, 
keywords={channel bank filters;encoding;filtering theory;noise;prediction theory;quantisation (signal);rate distortion theory;signal resolution;signal sampling;linear prediction;linear predictive subband coders;low-resolution quantizers;oversampled filter banks;oversampled noise shaping;oversampled pewdictive A/D converters;predictive quantization;quantization noise reduction;rate-distortion properties;resolution enhancement;simulation results;subband coding;Bit rate;Channel bank filters;Costs;Filter bank;Noise reduction;Noise shaping;Quantization;Rate-distortion;Signal synthesis;Speech analysis}, 
doi={10.1109/18.904519}, 
ISSN={0018-9448},}

@article{CPA:CPA20124,
author = {Candès, Emmanuel J. and Romberg, Justin K. and Tao, Terence},
title = {Stable signal recovery from incomplete and inaccurate measurements},
journal = {Communications on Pure and Applied Mathematics},
volume = {59},
number = {8},
publisher = {Wiley Subscription Services, Inc., A Wiley Company},
issn = {1097-0312},
url = {http://dx.doi.org/10.1002/cpa.20124},
doi = {10.1002/cpa.20124},
pages = {1207--1223},
year = {2006},
}

@article{DBLP:journals/corr/CohenE13,
  author    = {Deborah Cohen and
               Yonina C. Eldar},
  title     = {Sub-{N}yquist Sampling for Power Spectrum Sensing in Cognitive Radios:
               {A} Unified Approach},
  journal   = {CoRR},
  volume    = {abs/1308.5149},
  year      = {2013},
  url       = {http://arxiv.org/abs/1308.5149},
  timestamp = {Sun, 01 Sep 2013 20:57:48 +0200},
  biburl    = {http://dblp.uni-trier.de/rec/bib/journals/corr/CohenE13},
  bibsource = {dblp computer science bibliography, http://dblp.org}
}

@INPROCEEDINGS{560608, 
author={Herley, C. and Ping Wah Wong}, 
booktitle={Image Processing, 1996. Proceedings., International Conference on}, 
title={Minimum rate sampling of signals with arbitrary frequency support}, 
year={1996}, 
month={Sep}, 
volume={1}, 
pages={85-88 vol.2}, 
keywords={filtering theory;signal reconstruction;signal sampling;arbitrary frequency support;image reconstruction;minimum rate sampling;multiple dimensional signals;necessary conditions;noniterative reconstruction algorithm;one-dimensional multiband signals;periodic nonuniform samples;projection on convex sets;reconstruction filters;reconstruction system;signal reconstruction;signal sampling;sufficient conditions;Algorithm design and analysis;Bandwidth;Frequency;Laboratories;Milling machines;Nonlinear filters;Reconstruction algorithms;Sampling methods;Signal sampling;Sufficient conditions}, 
doi={10.1109/ICIP.1996.560608},}

@ARTICLE{1041033, 
author={Johansson, H. and Lowenborg, P.}, 
journal=IEEE_J_SP,
title={Reconstruction of nonuniformly sampled bandlimited signals by means of digital fractional delay filters}, 
year={2002}, 
month={Nov}, 
volume={50}, 
number={11}, 
pages={2757-2767}, 
keywords={analogue processing circuits;bandlimited signals;channel bank filters;delay filters;digital filters;error analysis;network synthesis;noise;quantisation (signal);signal reconstruction;signal sampling;Nyquist rate;digital fractional delay filters;error noise analysis;filter design;hybrid analog/digital filterbanks;ideal filters;nonuniform sampling;nonuniformly sampled bandlimited signals reconstruction;oversampling;perfect reconstruction system;quantization noise analysis;real-time applications;regionally perfect reconstruction system;synthesis system;time-interleaved ADC systems;time-interleaved analog-to-digital converter;time-skew errors;1f noise;Analog-digital conversion;Delay effects;Digital filters;Nonuniform sampling;Quantization;Reconstruction algorithms;Sampling methods;Signal processing;Signal synthesis}, 
doi={10.1109/TSP.2002.804089}, 
ISSN={1053-587X},}

@ARTICLE{832996, 
author={Kenington, P.B. and Astier, L.}, 
journal={Vehicular Technology, IEEE Transactions on}, 
title={Power consumption of {A/D} converters for software radio applications}, 
year={2000}, 
month={Mar}, 
volume={49}, 
number={2}, 
pages={643-650}, 
keywords={analogue-digital conversion;fading;mobile radio;radio receivers;A/D converters;analog/digital converter;dynamic range;fading;mobile radio;power consumption;software radio receiver;Application software;Energy consumption;GSM;Hardware;Land mobile radio;Mobile handsets;Receivers;Satellite broadcasting;Software radio;Telephone sets}, 
doi={10.1109/25.832996}, 
ISSN={0018-9545},}

@article{Xia1995273,
title = "Multiband signal reconstruction from finite samples ",
journal = "Signal Processing ",
volume = "42",
number = "3",
pages = "273 - 289",
year = "1995",
note = "",
issn = "0165-1684",
author = "Xiang-Gen Xia and C.-C.Jay Kuo and Zhen Zhang",
keywords = "\{MMSE\}",
keywords = "Multiband signais",
keywords = "Extrapolation",
keywords = "Sampling",
keywords = "Critical value and region ",
}

@ARTICLE{6739103, 
author={Hattab, G. and Ibnkahla, M.}, 
journal={Proceedings of the IEEE}, 
title={Multiband Spectrum Access: Great Promises for Future Cognitive Radio Networks}, 
year={2014}, 
month={March}, 
volume={102}, 
number={3}, 
pages={282-306}, 
keywords={cognitive radio;cooperative communication;mobility management (mobile radio);radio spectrum management;channel maintenance;cognitive radio networks;cooperative communications;handoff frequency;multiband cognitive radio;multiband spectrum access;single-band cognitive radio;single-band-based networks;wideband front-end;Cognitive radio;Multiaccess communication;Radio spectrum management;Throughput;Wideband;Wireless sensor networks;Cooperative communications;design tradeoffs;multiband cognitive radio;performance metrics;spectrum sensing}, 
doi={10.1109/JPROC.2014.2303977}, 
ISSN={0018-9219},}

@ARTICLE{259634, 
author={Kieffer, J.C.}, 
journal=IEEE_J_IT, 
title={A survey of the theory of source coding with a fidelity criterion}, 
year={1993}, 
month={Sep}, 
volume={39}, 
number={5}, 
pages={1473-1490}, 
keywords={data compression;encoding;reviews;abstract source model;asymptotic source coding;data compression;distortion measure;fidelity criterion;multiparameter source models;multiterminal source coding;one-shot coding theory;quantization problems;rate distortion theory;sequential source models;universal source coding;Codes;Constraint theory;Data compression;Distortion measurement;Encoding;Information theory;Quantization;Rate distortion theory;Source coding}, 
doi={10.1109/18.259634}, 
ISSN={0018-9448},}

@ARTICLE{Dob59, 
author={Dobrushin, R.L.}, 
journal={Uspekhi Mat. Nauk}, 
title={A general formulation of the fundamental theorem of Shannon in the theory of information}, 
year={1959}, 
volume={14}, 
pages={3-104}, 
}

@ARTICLE{4749297, 
author={Mishali, M. and Eldar, Y.C.}, 
journal=IEEE_J_SP,
title={Blind Multiband Signal Reconstruction: Compressed Sensing for Analog Signals}, 
year={2009}, 
month={March}, 
volume={57}, 
number={3}, 
pages={993-1009}, 
keywords={data compression;signal reconstruction;signal sampling;analog signals;average sampling rate;blind multiband signal reconstruction;compressed sensing;multicoset sampling;sampling strategy;single finite-dimensional problem;spectrum recovery;sub-Nyquist pointwise samples;Landau–Nyquist rate;multiband;multiple measurement vectors (MMV);nonuniform periodic sampling;sparsity}, 
doi={10.1109/TSP.2009.2012791}, 
ISSN={1053-587X},}

@INPROCEEDINGS{1402163, 
author={Rebollo-Monedero, D. and Girod, B.}, 
booktitle={Data Compression Conference, 2005. Proceedings. DCC 2005}, 
title={Generalization of the rate-distortion function for {W}yner-{Z}iv coding of noisy sources in the quadratic-{G}aussian case}, 
year={2005}, 
month={March}, 
pages={23-32}, 
keywords={Gaussian noise;rate distortion theory;source coding;Wyner-Ziv coding;independent Gaussian noise;linear function;noiseless Wyner-Ziv case;noisy sources;quadratic-Gaussian case;random variable;rate-distortion function;side information;Computer aided software engineering;Decoding;Gaussian noise;Image analysis;Information systems;Noise reduction;Quantization;Random variables;Rate-distortion;Statistics}, 
doi={10.1109/DCC.2005.6}, 
ISSN={1068-0314},}

@article{yamamoto1980source,
  title={Source coding theory for multiterminal communication systems with a remote source},
  author={Yamamoto, Hirosuke},
  journal={IEICE TRANSACTIONS (1976-1990)},
  volume={63},
  number={10},
  pages={700--706},
  year={1980},
  publisher={The Institute of Electronics, Information and Communication Engineers}
}

@article{nitzan2012revisiting,
  title={Revisiting {L}andau's density theorems for {P}aley--{W}iener spaces},
  author={Nitzan, Shahaf and Olevskii, Alexander},
  journal={Comptes Rendus Math{\'e}matique},
  volume={350},
  number={9},
  pages={509--512},
  year={2012},
  publisher={Elsevier}
}

@ARTICLE{4483755, 
author={Lu, Y. M. and Do, M. N.}, 
journal=IEEE_J_SP,
title={A Theory for Sampling Signals From a Union of Subspaces}, 
year={2008}, 
month={June}, 
volume={56}, 
number={6}, 
pages={2334-2345}, 
keywords={signal sampling;inverse problem;signal processing;signal sampling;single vector subspace assumption;Linear operators;projections;sampling;shift-invariant spaces;signal representations;stable;union of subspaces}, 
doi={10.1109/TSP.2007.914346}, 
ISSN={1053-587X},}

@article{donoho2002maximal,
  title={Maximal sparsity representation via l1 minimization},
  author={Donoho, David L and Elad, Michael},
  journal={submitted to IEEE Trans. Inf. Theory},
  year={2002}
}

@ARTICLE{1580791, 
author={Candes, E. J. and Romberg, J. and Tao, T.}, 
journal=IEEE_J_IT, 
title={Robust uncertainty principles: exact signal reconstruction from highly incomplete frequency information}, 
year={2006}, 
month={Feb}, 
volume={52}, 
number={2}, 
pages={489-509}, 
keywords={Fourier analysis;convex programming;image reconstruction;image sampling;indeterminancy;linear programming;minimisation;piecewise constant techniques;probability;signal reconstruction;signal sampling;sparse matrices;Fourier coefficient;convex optimization;discrete-time signal;image reconstruction;incomplete frequency information;linear programming;minimization problem;nonlinear sampling theorem;piecewise constant object;probability value;robust uncertainty principle;signal reconstruction;sparse random matrix;trigonometric expansion;Biomedical imaging;Frequency;Image reconstruction;Linear programming;Mathematics;Robustness;Sampling methods;Signal processing;Signal reconstruction;Uncertainty;Convex optimization;duality in optimization;free probability;image reconstruction;linear programming;random matrices;sparsity;total-variation minimization;trigonometric expansions;uncertainty principle}, 
doi={10.1109/TIT.2005.862083}, 
ISSN={0018-9448},}

@article{chen2006theoretical,
  title={Theoretical results on sparse representations of multiple-measurement vectors},
  author={Chen, Jie and Huo, Xiaoming},
  journal=IEEE_J_SP,
  volume={54},
  number={12},
  pages={4634--4643},
  year={2006},
  publisher={IEEE}
}

@ARTICLE{5692791, 
author={Mishali, M. and Eldar, Y.C. and Dounaevsky, O. and Shoshan, E.}, 
journal={Circuits, Devices Systems, IET}, 
title={Xampling: Analog to digital at sub-{N}yquist rates}, 
year={2011}, 
month={January}, 
volume={5}, 
number={1}, 
pages={8-20}, 
keywords={analogue-digital conversion;integrated circuit design;signal reconstruction;Xampling;analog-to-digital converter;circuit design considerations;frequency 120 MHz;frequency 2 GHz;frequency 280 MHz;signal reconstruction;single local oscillator;subNyquist wideband communication receiver;transient intervals;transient periodic waveforms;wideband signals}, 
doi={10.1049/iet-cds.2010.0147}, 
ISSN={1751-858X},}

@article{candes2008restricted,
  title={The restricted isometry property and its implications for compressed sensing},
  author={Candes, Emmanuel J},
  journal={Comptes Rendus Mathematique},
  volume={346},
  number={9},
  pages={589--592},
  year={2008},
  publisher={Elsevier}
}

@inproceedings{laska2007theory,
  title={Theory and implementation of an analog-to-information converter using random demodulation},
  author={Laska, Jason N and Kirolos, Sami and Duarte, Marco F and Ragheb, Tamer S and Baraniuk, Richard G and Massoud, Yehia},
  booktitle={Circuits and Systems, 2007. ISCAS 2007. IEEE International Symposium on},
  pages={1959--1962},
  year={2007},
  organization={IEEE}
}

@article{tropp2010beyond,
  title={Beyond {N}yquist: Efficient sampling of sparse bandlimited signals},
  author={Tropp, Joel A and Laska, Jason N and Duarte, Marco F and Romberg, Justin K and Baraniuk, Richard G},
  journal=IEEE_J_IT, 
  volume={56},
  number={1},
  pages={520--544},
  year={2010},
  publisher={IEEE}
}

@INPROCEEDINGS{shibeyond,
  title={Beyond Sensing: Multi-GHz Realtime Spectrum Analytics},
  author={Shi, Lixin and Bahl, Paramvir},
  booktitle = {The 12th USENIX Symposium on Networked Systems Design and Implementation},
  onth={May}, 
  year  = {2015}
}

@ARTICLE{1055037, 
author={Slepian, D. and Wolf, J.K.}, 
journal=IEEE_J_IT, 
title={Noiseless coding of correlated information sources}, 
year={1973}, 
month={Jul}, 
volume={19}, 
number={4}, 
pages={471-480}, 
keywords={Source coding;Block codes;Decoding;Error probability;Probability distribution;Random variables;Region 9;Source coding}, 
doi={10.1109/TIT.1973.1055037}, 
ISSN={0018-9448},}

@ARTICLE{1055508, 
author={Wyner, A.D. and Ziv, J.}, 
journal=IEEE_J_IT, 
title={The rate-distortion function for source coding with side information at the decoder}, 
year={1976}, 
month={Jan}, 
volume={22}, 
number={1}, 
pages={1-10}, 
keywords={Rate-distortion theory;Binary sequences;Decoding;Distortion measurement;Encoding;Jacobian matrices;Random variables;Rate-distortion;Source coding;Switches}, 
doi={10.1109/TIT.1976.1055508}, 
ISSN={0018-9448},}


@ARTICLE{1051512, 
author={Black, W.C., Jr. and Hodges, D.}, 
journal={Solid-State Circuits, IEEE Journal of}, 
title={Time interleaved converter arrays}, 
year={1980}, 
month={Dec}, 
volume={15}, 
number={6}, 
pages={1022-1029}, 
keywords={Analogue-digital conversion;Field effect integrated circuits;analogue-digital conversion;field effect integrated circuits;Analog-digital conversion;Bandwidth;CMOS process;Costs;Digital signal processors;Helium;Signal sampling;Solid state circuits;TV receivers;Testing}, 
doi={10.1109/JSSC.1980.1051512}, 
ISSN={0018-9200},}

@ARTICLE{1086334, 
author={Widrow, B.}, 
journal={Circuit Theory, IRE Transactions on}, 
title={A Study of Rough Amplitude Quantization by Means of {N}yquist Sampling Theory}, 
year={1956}, 
month={Dec}, 
volume={3}, 
number={4}, 
pages={266-276}, 
keywords={Analog-digital conversion;Control systems;Higher order statistics;Multidimensional signal processing;Probability;Quantization;Roundoff errors;Sampling methods;Signal processing;Statistical distributions}, 
doi={10.1109/TCT.1956.1086334}, 
ISSN={0096-2007},}

@book{young2001introduction,
  title={An Introduction to Nonharmonic Fourier Series},
  author={Young, R.M.},
  isbn={9780127729558},
  lccn={00104370},
  series={An Introduction to Nonharmonic Fourier Series},
  year={2001},
  publisher={Academic Press}
}

@article{Lloyd1959,
     title = {A Sampling Theorem for Stationary (Wide Sense) Stochastic Processes},
     author = {Lloyd, S. P.},
     journal = {Transactions of the American Mathematical Society},
     jstor_issuetitle = {},
     volume = {92},
     number = {1},
     jstor_formatteddate = {Jul., 1959},
     pages = {pp. 1-12},
     ISSN = {00029947},
     abstract = {},
     language = {English},
     year = {1959},
     publisher = {American Mathematical Society},
     copyright = {Copyright © 1959 American Mathematical Society},
    }

@ARTICLE{4106132, 
author={Marco, D. and Neuhoff, D.L.}, 
journal=IEEE_J_IT, 
title={Low-Resolution Scalar Quantization for {G}aussian Sources and Absolute Error}, 
year={2007}, 
month={March}, 
volume={53}, 
number={3}, 
pages={1177-1179}, 
keywords={Gaussian processes;memoryless systems;quantisation (signal);signal resolution;source coding;Laplacian source;absolute error distortion;exponential sources;low-resolution scalar quantization;memoryless Gaussian source;operational rate-distortion function;Computer errors;Distortion measurement;Entropy;Laplace equations;Mathematics;Performance loss;Quantization;Rate-distortion;Source coding;Transform coding;Absolute error;Gaussian;entropy constrained quantization;low rate;low resolution;scalar quantization}, 
doi={10.1109/TIT.2006.890714}, 
ISSN={0018-9448},}

@INPROCEEDINGS{5983302, 
author={Papari, B. and Asemani, D. and Khakpour, A.}, 
booktitle={Wireless Advanced (WiAd), 2011}, 
title={A wide-band time-interleaved {A/D} converter for cognitive radio application with adaptive offset correction}, 
year={2011}, 
month={June}, 
pages={144-148}, 
keywords={analogue-digital conversion;cognitive radio;least squares approximations;radio receivers;ADC;adaptive offset correction;blind adaptive method;cognitive radio;electronic circuits;high-speed telecommunication systems;least-mean-squares;time-interleaved ADC;wide-band receivers;wide-band time-interleaved A/D converter;Adaptive filters;Cognitive radio;Filtering algorithms;Frequency domain analysis;Least squares approximation;Signal to noise ratio;Time-interleaved ADC;least-mean-squares (LMS) algorithm;software-defined radio(SDR)}, 
doi={10.1109/WiAd.2011.5983302},}

@book{jayaweera2014signal,
  title={Signal Processing for Cognitive Radios},
  author={Jayaweera, S.K.},
  isbn={9781118986769},
  lccn={2014022940},
  year={2014},
  publisher={Wiley}
}

@article{neuhoff2013information,
  title={Information Rates of Densely Sampled Data: Distributed Vector Quantization and Scalar Quantization With Transforms for {G}aussian Sources},
  author={Neuhoff, David L and Pradhan, S Sandeep},
  journal=IEEE_J_IT,
  volume={59},
  number={9},
  pages={5641--5664},
  year={2013},
  publisher={IEEE}
}

@book{sklar2001digital,
  title={Digital communications},
  author={Sklar, Bernard},
  volume={2},
  year={2001},
  publisher={Prentice Hall NJ}
}

@article{guo2005mutual,
  title={Mutual information and minimum mean-square error in {G}aussian channels},
  author={Guo, Dongning and Shamai, Shlomo and Verd{\'u}, Sergio},
  journal=IEEE_J_IT, 
  volume={51},
  number={4},
  pages={1261--1282},
  year={2005},
  publisher={IEEE}
}

@inproceedings{weiss2007learning,
  title={Learning compressed sensing},
  author={Weiss, Yair and Chang, Hyun Sung and Freeman, William T},
  booktitle={Snowbird Learning Workshop, Allerton, CA},
  year={2007},
  organization={Citeseer}
}

@inproceedings{fletcher2007rate,
  title={On the rate-distortion performance of compressed sensing},
  author={Fletcher, Alyson K and Rangan, Sundeep and Goyal, Vivek K},
  booktitle={Acoustics, Speech and Signal Processing, 2007. ICASSP 2007. IEEE International Conference on},
  volume={3},
  pages={III--885},
  year={2007},
  organization={IEEE}
}

@article{dym1978gaussian,
  title={{G}aussian processes, function theory, and the inverse spectral problem},
  author={Dym, H and McKean, HP},
  journal={Bull. Amer. Math. Soc. 84 (1978), 260-262},
  pages={0002--9904},
  year={1978}
}

@ARTICLE{1580801, 
author={Linder, T. and Zamir, R.}, 
journal=IEEE_J_IT, 
title={Causal coding of stationary sources and individual sequences with high resolution}, 
year={2006}, 
volume={52}, 
number={2}, 
pages={662-680}, 
keywords={distortion;entropy codes;memoryless systems;sequences;signal reconstruction;signal resolution;signal sampling;source coding;vector quantisation;Lempel-Ziv differential entropy;Shannon lower bound;deterministic analogue;distortion;entropy coding;finite-memory code;memoryless source;resolution;sample reconstruction;sequence;source coding system;uniform quantizer;Data compression;Delay;Entropy coding;Helium;Performance gain;Performance loss;Rate-distortion;Source coding;Time sharing computer systems;Vector quantization;Causal source codes;Lempel–Ziv complexity;differential entropy;finite-memory codes;individual sequences;stationary sources;uniform quantizer}, 
doi={10.1109/TIT.2005.862075}, 
ISSN={0018-9448}, 
month={Feb},}

@article{tatikonda2004control,
  title={Control under communication constraints},
  author={Tatikonda, Sekhar and Mitter, Sanjoy},
  journal={Automatic Control, IEEE Transactions on},
  volume={49},
  number={7},
  pages={1056--1068},
  year={2004},
  publisher={IEEE}
}

@article{derpich2012improved,
  title={Improved upper bounds to the causal quadratic rate-distortion function for {G}aussian stationary sources},
  author={Derpich, Milan S and {\O}stergaard, Jan},
  journal=IEEE_J_IT, 
  volume={58},
  number={5},
  pages={3131--3152},
  year={2012},
  publisher={IEEE}
}

@ARTICLE{1053879, 
author={Schalkwijk, J. and Kailath, T.}, 
journal=IEEE_J_IT, 
title={A coding scheme for additive noise channels with feedback--I: No bandwidth constraint}, 
year={1966}, 
volume={12}, 
number={2}, 
pages={172-182}, 
keywords={Coding;Feedback communication;Additive noise;Additive white noise;Availability;Bandwidth;Channel capacity;Decoding;Feedback;Gaussian noise;Noise level;Noise reduction}, 
doi={10.1109/TIT.1966.1053879}, 
ISSN={0018-9448}, 
month={Apr},}

@article{witsenhausen1968counterexample,
  title={A counterexample in stochastic optimum control},
  author={Witsenhausen, Hans S},
  journal={SIAM Journal on Control},
  volume={6},
  number={1},
  pages={131--147},
  year={1968},
  publisher={SIAM}
}

@article{berger1996ceo,
  title={The {CEO} problem [multiterminal source coding]},
  author={Berger, Toby and Zhang, Zhen and Viswanathan, Harish},
  journal=IEEE_J_IT, 
  volume={42},
  number={3},
  pages={887--902},
  year={1996},
  publisher={IEEE}
}

@article{kim2010feedback,
  title={Feedback capacity of stationary {G}aussian channels},
  author={Kim, Young-Han},
  journal=IEEE_J_IT,
  volume={56},
  number={1},
  pages={57--85},
  year={2010},
  publisher={IEEE}
}

@ARTICLE{1056552, 
author={Neuhoff, D.L. and Gilbert, R.}, 
journal=IEEE_J_IT, 
title={Causal source codes}, 
year={1982}, 
volume={28}, 
number={5}, 
pages={701-713}, 
keywords={Adaptive coding;Source coding;Communication system control;Control engineering;Decoding;Delta modulation;Helium;Information theory;Modulation coding;Pulse modulation;Source coding;Time sharing computer systems}, 
doi={10.1109/TIT.1982.1056552}, 
ISSN={0018-9448}, 
month={Sep},}

@article{rugorbunov,
  title={Gorbunov AK},
  author={Ru, Statistics Math-Net}
}

@book{eldar2015sampling,
  title={Sampling Theory: Beyond Bandlimited Systems},
  author={Eldar, Yonina C.},
  year={2015},
  publisher={Cambridge University Press}
}

@inproceedings{dodson1985fourier,
  title={Fourier analysis and the sampling theorem},
  author={Dodson, MM and Silva, AM},
  booktitle={Proceedings of the Royal Irish Academy. Section A: Mathematical and Physical Sciences},
  pages={81--108},
  year={1985},
  organization={JSTOR}
}

@article{DBLP:journals/corr/abs-1103-1689,
  author    = {Jos{\'{e}} Bento and
               Morteza Ibrahimi and
               Andrea Montanari},
  title     = {Information Theoretic Limits on Learning Stochastic Differential Equations},
  journal   = {CoRR},
  volume    = {abs/1103.1689},
  year      = {2011},
  url       = {http://arxiv.org/abs/1103.1689},
  timestamp = {Mon, 05 Dec 2011 18:03:27 +0100},
  biburl    = {http://dblp.uni-trier.de/rec/bib/journals/corr/abs-1103-1689},
  bibsource = {dblp computer science bibliography, http://dblp.org}
}

 

@ARTICLE{4545003, 
author={Zamir, R. and Kochman, Y. and Erez, U.}, 
journal=IEEE_J_IT,
title={Achieving the {G}aussian Rate Distortion Function by Prediction}, 
year={2008}, 
volume={54}, 
number={7}, 
pages={3354-3364}, 
keywords={Gaussian processes;decision feedback equalisers;differential pulse code modulation;intersymbol interference;rate distortion theory;Gaussian rate-distortion function;decision-feedback equalization;differential pulse- code modulation;duality relationship;intersymbol interference channels;power spectrum;predictive test channel;stationary Gaussian source;time-domain realization;water-filling solution;AWGN;Additive white noise;Frequency domain analysis;Gaussian noise;Intersymbol interference;Mutual information;Pulse modulation;Rate-distortion;Resource description framework;Testing;Decision feedback;Shannon lower bound;differential pulse-code modulation (DPCM);directed-information;entropy coded dithered quantization (ECDQ);equalization;minimum mean-square error (MMSE) estimation;pre/post-filtering;test channel;water-filling}, 
doi={10.1109/TIT.2008.924683}, 
ISSN={0018-9448}, 
month={July},}

@article{woodbury1950inverting,
  title={Inverting Modified Matrices, Memorandum Rept. 42},
  author={Woodbury, MA},
  journal={Statistical Research Group, Princeton University, Princeton, NJ},
  volume={316},
  year={1950}
}

@article{goyal2008compressive,
  title={Compressive sampling and lossy compression},
  author={Goyal, Vivek K and Fletcher, Alyson K and Rangan, Sundeep},
  journal=IEEE_M_SP,
  volume={25},
  number={2},
  pages={48--56},
  year={2008},
  publisher={IEEE}
}


@ARTICLE{kipnisSPM2018, 
author={Alon Kipnis and Yonina C. Eldar and Andrea J. Goldsmith}, 
journal=IEEE_M_SP,
title={Analog-to-Digital Compression: A New Paradigm for Converting Signals to Bits}, 
year={2018}, 
volume={35}, 
number={3}, 
pages={16-39}, 
keywords={data compression;quantisation (signal);signal sampling;analog signal;combined effect;digital representation;discretetime samples;finite number;Quantization (signal);Data storage systems;Distortion;Bit rate;Channel coding;Pulse modulation;Decoding;Sampling methods;Analog-digital conversion}, 
doi={10.1109/MSP.2017.2774249}, 
ISSN={1053-5888}, 
month={May},}

@book{levinson1963gap,
  title={Gap and Density Theorems},
  author={Levinson, N.},
  isbn={9780821883778},
  series={American Mathematical Society. Colloquium publications},
  year={1963},
  publisher={American Mathematical Soc.}
}

@book{marvasti2012nonuniform,
  title={Nonuniform sampling: theory and practice},
  author={Marvasti, Farokh},
  year={2012},
  publisher={Springer Science \& Business Media}
}

@article{10.2307/2028209,
 ISSN = {00361445},
 author = {Frederick J. Beutler},
 journal = {SIAM Review},
 number = {3},
 pages = {328-335},
 publisher = {Society for Industrial and Applied Mathematics},
 title = {Error-Free Recovery of Signals from Irregularly Spaced Samples},
 volume = {8},
 year = {1966}
}

@article{FEICHTINGER1992530,
title = "Irregular sampling theorems and series expansions of band-limited functions",
journal = "Journal of Mathematical Analysis and Applications",
volume = "167",
number = "2",
pages = "530 - 556",
year = "1992",
note = "",
issn = "0022-247X",
author = "Hans G Feichtinger and Karlheinz Gr{\"{o}}chenig",
}

@article{AlpayKipnis2015,
author = {Alpay, Daniel and Kipnis, Alon },
title = {Wiener Chaos Approach to Optimal Prediction},
journal = {Numerical Functional Analysis and Optimization},
volume = {36},
number = {10},
pages = {1286-1306},
year = {2015},
doi = {10.1080/01630563.2015.1065273},
URL = { http://dx.doi.org/10.1080/01630563.2015.1065273 },
}
    
@article{kumar2010dithered,
  title={Dithered {A/D} conversion of smooth non-bandlimited signals},
  author={Kumar, Animesh and Ishwar, Prakash and Ramchandran, Kannan},
  journal=IEEE_J_SP,
  volume={58},
  number={5},
  pages={2654--2666},
  year={2010},
  publisher={IEEE}
}

@article{kumar2011high,
  title={High-resolution distributed sampling of bandlimited fields with low-precision sensors},
  author={Kumar, Animesh and Ishwar, Prakash and Ramchandran, Kannan},
  journal=IEEE_J_IT,
  volume={57},
  number={1},
  pages={476--492},
  year={2011},
  publisher={IEEE}
}

@INPROCEEDINGS{7282834, 
author={Chowdhury, Mainak and Kipnis, Alon and Goldsmith, Andrea J.}, 
booktitle={Information Theory (ISIT), 2015 IEEE International Symposium on}, 
title={Reliable uncoded communication in the quantized {SIMO} {MAC}}, 
year={2015}, 
pages={2141-2145}, 
keywords={antenna arrays;diversity reception;quantisation (signal);radio receivers;radio transmitters;telecommunication network reliability;wireless channels;asymptotic reliability;finite precision multiantenna receiver;quantized SIMO MAC;receiver quantization effects;reliable uncoded communication;single-input multiple-output multiple access channel;spatial diversity;uncoded noncooperating single antenna transmitters;Decoding;Noise;Quantization (signal);Receiving antennas;Reliability;Transmitting antennas;Multiuser detection;Quantization;Spatial diversity}, 
doi={10.1109/ISIT.2015.7282834}, 
month={June},}

@INPROCEEDINGS{kipnis2015optimal, 
author={Kipnis, Alon and Goldsmith, Andrea J. and Eldar, Yonina C.}, 
booktitle={Sampling Theory and Applications (SampTA), 2015 International Conference on}, 
title={Optimal trade-off between sampling rate and quantization precision in Sigma-Delta {A/D} conversion}, 
year={2015},
pages={627-631}, 
keywords={quantisation (signal);sigma-delta modulation;signal sampling;Nyquist rate;additive white noise;analog-digital converter;in-band quantization noise reduction;maximal sampling rate;optimal sampling rate;quantization error;sampling rate-quantization precision trade-off;sigma-delta modulator;Approximation methods;Bit rate;Modulation;Quantization (signal);Sigma-delta modulation;Signal to noise ratio}, 
doi={10.1109/SAMPTA.2015.7148967}, 
month={May},}

@article{alpay2013generalized,
  title={A generalized white noise space approach to stochastic integration for a class of {G}aussian stationary increment processes},
  author={Alpay, Daniel and Kipnis, Alon},
  journal={Opuscula Mathematica},
  volume={33},
  number={3},
  year={2013}
}

@book{kailath1980linear,
  title={Linear Systems},
  author={Kailath, T.},
  isbn={9780135369616},
  lccn={79014928},
  series={Information and System Sciences Series},
  year={1980},
  publisher={Prentice-Hall}
}

@book{doob1953stochastic,
  title={Stochastic Processes},
  author={Doob, J.L.},
  isbn={9780471218135},
  lccn={lc52011857},
  series={Wiley Publications in Statistics},
  year={1953},
  publisher={John Wiley \& Sons}
}

@book{rudin2006functional,
  title={Functional Analysis},
  author={Rudin, W.},
  isbn={9780070619883},
  lccn={90005677},
  series={International series in pure and applied mathematics},
  year={2006},
  publisher={McGraw-Hill}
}

@book{oppenheim1997signals,
  title={Signals and Systems},
  author={Oppenheim, A.V. and Willsky, A.S. and Nawab, S.H.},
  isbn={9780138147570},
  lccn={96019945},
  series={Prentice-Hall signal processing series},
  year={1997},
  publisher={Prentice Hall}
}

@book{gallager2013stochastic,
  title={Stochastic processes: theory for applications},
  author={Gallager, Robert G},
  year={2013},
  publisher={Cambridge University Press}
}

@ARTICLE{720540, 
author={Han, T. and Amari, S.I.}, 
journal=IEEE_J_IT,
title={Statistical inference under multiterminal data compression}, 
year={1998}, 
volume={44}, 
number={6}, 
pages={2300-2324}, 
keywords={constraint theory;data compression;information theory;parameter estimation;pattern classification;reviews;statistical analysis;converse theorems;information-theoretic problems;multiterminal data compression;multiterminal hypothesis testing;multiterminal parameter estimation;multiterminal pattern classification;positive rates;rate constraints;review;statistical inference;zero rates;Data compression;Decoding;Information systems;Information theory;Parameter estimation;Pattern classification;Statistics;Sun;Tellurium;Testing}, 
doi={10.1109/18.720540}, 
ISSN={0018-9448}, 
month={Oct},}


@article{viswanathan1997quadratic,
  title={The quadratic {G}aussian {CEO} problem},
  author={Viswanathan, Harish and Berger, Toby},
  journal=IEEE_J_IT,
  volume={43},
  number={5},
  pages={1549--1559},
  year={1997},
  publisher={IEEE}
}

@inproceedings{zhang2013information,
  title={Information-theoretic lower bounds for distributed statistical estimation with communication constraints},
  author={Zhang, Yuchen and Duchi, John and Jordan, Michael I and Wainwright, Martin J},
  booktitle={Advances in Neural Information Processing Systems},
  pages={2328--2336},
  year={2013}
}

@article{han1987hypothesis,
  title={Hypothesis testing with multiterminal data compression},
  author={Han, Te Sun},
  journal=IEEE_J_IT,
  volume={33},
  number={6},
  pages={759--772},
  year={1987},
  publisher={IEEE}
}

@article{zhang1988estimation,
  title={Estimation via compressed information},
  author={Zhang, Zhen and Berger, Toby},
  journal=IEEE_J_IT,
  volume={34},
  number={2},
  pages={198--211},
  year={1988},
  publisher={IEEE}
}

@book{zamir2014lattice,
  title={Lattice Coding for Signals and Networks: A Structured Coding Approach to Quantization, Modulation, and Multiuser Information Theory},
  author={Zamir, R. and Nazer, B. and Bistritz, I. and Kochman, Y.},
  isbn={9780521766982},
  lccn={2014006008},
  year={2014},
  publisher={Cambridge University Press}
}

@INPROCEEDINGS{5394838,
author={Dongning Guo and Baron, D. and Shamai, S.}, 
booktitle={Communication, Control, and Computing, 2009. Allerton 2009. 47th Annual Allerton Conference on}, 
title={A single-letter characterization of optimal noisy compressed sensing}, 
year={2009}, 
pages={52-59}, 
keywords={error statistics;matrix algebra;mean square error methods;signal denoising;signal representation;belief propagation;error probability;linear measurements;mean squared error;optimal noisy compressed sensing;scalar Gaussian noise;signal reconstruction;single-letter characterization;sparse measurement matrices;sparse representation;Compressed sensing;Computer science;Error probability;Extraterrestrial measurements;Gaussian noise;Lead;Linear systems;Multiaccess communication;Noise measurement;Statistical distributions}, 
doi={10.1109/ALLERTON.2009.5394838}, 
month={Sept},}


@book{gray1989source,
  title={Source Coding Theory},
  author={Gray, R.M.},
  isbn={9780792390480},
  lccn={89039016},
  series={The Springer International Series in Engineering and Computer Science},
  year={1989},
  publisher={Springer US}
}

@article{lapidoth1997role,
  title={On the role of mismatch in rate distortion theory},
  author={Lapidoth, Amos},
  journal=IEEE_J_IT,
  volume={43},
  number={1},
  pages={38--47},
  year={1997},
  publisher={IEEE}
}

@article{vervaat1985sample,
  title={Sample path properties of self-similar processes with stationary increments},
  author={Vervaat, Wim},
  journal={The Annals of Probability},
  pages={1--27},
  year={1985},
  publisher={JSTOR}
}

@book{kailath1977linear,
  title={Linear least-squares estimation},
  author={Kailath, T.},
  isbn={9780879330989},
  lccn={lc77007465},
  series={Benchmark papers in electrical engineering and computer science},
  year={1977},
  publisher={Dowden, Hutchinson \& Ross}
}

@ARTICLE{KipnisWiener2019, 
author={A. Kipnis and A. J. Goldsmith and Y. C. Eldar}, 
journal={IEEE Transactions on Information Theory}, 
title={The Distortion-Rate Function of Sampled Wiener Processes}, 
year={2019}, 
volume={65}, 
number={1}, 
pages={482-499}, 
keywords={Distortion;Source coding;Bit rate;Power capacitors;Decoding;Estimation;Brownian motion;Wiener process;sampling;remote source coding;lossy compression;analog to digital conversion;compress and estimate;Brownian bridge}, 
doi={10.1109/TIT.2018.2878446}, 
ISSN={0018-9448}, 
month={Jan},}


@UNPUBLISHED{KipnisRini2017, 
author={Kipnis, Alon and Rini, Stefano and Goldsmith, Andrea J.},
TITLE={Compress and Estimate in Multiterminal Source Coding},
url = {https://arxiv.org/abs/1602.02201},
journal={arXiv preprint},
YEAR={2017},
NOTE={unpublished},
}

@ARTICLE{761034, 
author={Walden, R.H.}, 
journal={Selected Areas in Communications, IEEE Journal on}, 
title={Analog-to-digital converter survey and analysis}, 
year={1999}, 
volume={17}, 
number={4}, 
pages={539-550}, 
keywords={analogue-digital conversion;integrated circuit technology;jitter;signal resolution;signal sampling;thermal noise;ADC architectures;ADC performance limitations;analog-to-digital converters;aperture jitter;commercially available parts;comparator ambiguity;device technology speed;experimental converters;integrated circuit technologies;low power dissipation;resolution;sampling frequency;sampling instant uncertainty;sampling rates;signal processing systems;single-chip ADC;software radio;thermal noise;Analog-digital conversion;Apertures;Integrated circuit technology;Jitter;Sampling methods;Signal processing;Signal resolution;Signal sampling;Software radio;Uncertainty}, 
doi={10.1109/49.761034}, 
ISSN={0733-8716}, 
month={Apr},}

@article{sahai2006source,
  title={Source coding and channel requirements for unstable processes},
  author={Sahai, Anant and Mitter, Sanjoy},
  journal={arXiv preprint cs/0610143},
  year={2006}
}

@ARTICLE{659497, 
author={Shannon, C.E.}, 
journal={Proceedings of the IEEE}, 
title={Communication In The Presence Of Noise}, 
year={1998}, 
volume={86}, 
number={2}, 
pages={447-457}, 
keywords={Acoustic noise;Bandwidth;Communication systems;Distortion;Radio transmitters;Signal mapping;Signal processing;Telegraphy;Telephony;Teleprinting}, 
doi={10.1109/JPROC.1998.659497}, 
ISSN={0018-9219}, 
month={Feb},}

@INPROCEEDINGS{KipnisRini2015, 
author={Kipnis, Alon and Rini, Stefano and Goldsmith, Andrea J.}, 
booktitle={Information Theory Workshop - Fall (ITW), 2015 IEEE}, 
title={The indirect rate-distortion function of a binary i.i.d source}, 
year={2015}, 
pages={352-356}, 
keywords={Distortion;Distortion measurement;Noise measurement;Rate-distortion;Resource description framework;Source coding;Yttrium;Binary source;Binary symmetric channel;Indirect rate distortion}, 
doi={10.1109/ITWF.2015.7360794}, 
month={Oct},}

@ARTICLE{1055969, 
author={Dunham, J.}, 
journal=IEEE_J_IT, 
title={A note on the abstract alphabet block source coding with a fidelity criterion theorem (Corresp.)}, 
year={1978}, 
volume={24}, 
number={6}, 
pages={760-760}, 
keywords={Rate-distortion theory;Block codes;Books;Helium;Memoryless systems;Q measurement;Random processes;Rate distortion theory;Source coding;Stability;Terminology}, 
doi={10.1109/TIT.1978.1055969}, 
ISSN={0018-9448}, 
month={Nov},}

@article{reeves2012sampling,
  title={The sampling rate-distortion tradeoff for sparsity pattern recovery in compressed sensing},
  author={Reeves, Galen and Gastpar, Michael},
  journal=IEEE_J_IT,
  volume={58},
  number={5},
  pages={3065--3092},
  year={2012},
  publisher={IEEE}
}

@article{polyak1992acceleration,
  title={Acceleration of stochastic approximation by averaging},
  author={Polyak, Boris T and Juditsky, Anatoli B},
  journal={SIAM Journal on Control and Optimization},
  volume={30},
  number={4},
  pages={838--855},
  year={1992},
  publisher={SIAM}
}

@article{horstein1963sequential,
  title={Sequential transmission using noiseless feedback},
  author={Horstein, Michael},
  journal=IEEE_J_IT,
  volume={9},
  number={3},
  pages={136--143},
  year={1963},
  publisher={IEEE}
}

@ARTICLE{52470, 
author={M. Longo and T. D. Lookabaugh and R. M. Gray}, 
journal=IEEE_J_IT, 
title={Quantization for decentralized hypothesis testing under communication constraints}, 
year={1990}, 
volume={36}, 
number={2}, 
pages={241-255}, 
keywords={encoding;information theory;Bhattacharyya distance;capacity constraints;communication constraints;cooperative design-separate encoding;decentralized hypothesis testing;independent design-separate encoding;joint index space;peripheral encoders;peripheral nodes;quantisation;scalar quantizers;system-wide performance measure;Algorithm design and analysis;Constraint theory;Design optimization;Distortion measurement;Information systems;Laboratories;Quantization;Radar applications;Signal processing algorithms;Testing}, 
doi={10.1109/18.52470}, 
ISSN={0018-9448}, 
month={Mar},}

@ARTICLE{53738, 
author={P. W. Wong and R. M. Gray}, 
journal=IEEE_J_IT, 
title={Sigma-delta modulation with i.i.d. {G}aussian inputs}, 
year={1990}, 
volume={36}, 
number={4}, 
pages={784-798}, 
keywords={analogue-digital conversion;convergence;delta modulation;stochastic processes;A/D convertor;Gaussian inputs;Wiener processes;continuous-time stochastic model;convergence;independent identically distributed input signal;mixing properties;power spectrum;quantization noise;random process;renewal processes;sigma delta modulation;single-loop sigma-delta modulator;Decoding;Delta-sigma modulation;Frequency;Information systems;Laboratories;Quantization;Random processes;Signal processing;Signal resolution;Very large scale integration}, 
doi={10.1109/18.53738}, 
ISSN={0018-9448}, 
month={Jul},}

@ARTICLE{1054753, 
author={S. Arimoto}, 
journal=IEEE_J_IT, 
title={An algorithm for computing the capacity of arbitrary discrete memoryless channels}, 
year={1972}, 
volume={18}, 
number={1}, 
pages={14-20}, 
keywords={Information rates;Memoryless channels;Ash;Codes;Decoding;Information theory;Iterative algorithms;Iterative methods;Memoryless systems;Probability;Reactive power;Statistics}, 
doi={10.1109/TIT.1972.1054753}, 
ISSN={0018-9448}, 
month={Jan},}

@ARTICLE{1054855, 
author={R. Blahut}, 
journal=IEEE_J_IT, 
title={Computation of channel capacity and rate-distortion functions}, 
year={1972}, 
volume={18}, 
number={4}, 
pages={460-473}, 
keywords={Mutual information;Rate-distortion theory;Capacity planning;Channel capacity;Constraint theory;Convergence;Data compression;Distributed computing;Mutual information;Probability distribution;Rate-distortion;Reliability theory}, 
doi={10.1109/TIT.1972.1054855}, 
ISSN={0018-9448}, 
month={Jul},}

@ARTICLE{5429116, 
author={N. Merhav and D. Guo and S. Shamai}, 
journal=IEEE_J_IT, 
title={Statistical Physics of Signal Estimation in Gaussian Noise: Theory and Examples of Phase Transitions}, 
year={2010}, 
volume={56}, 
number={3}, 
pages={1400-1416}, 
keywords={Gaussian noise;least mean squares methods;signal denoising;statistical analysis;Fisher information;Gaussian noise;MMSE;differential entropy;free energy;minimum mean square error;phase transitions;signal denoising;signal estimation;statistical physics;statistical-mechanical systems;thermodynamics;Gaussian noise;Glass;Information theory;Mean square error methods;Mutual information;Noise reduction;Parallel processing;Phase estimation;Phase noise;Physics;Gaussian channel;de Bruijn's identity;denoising;minimum mean square error (MMSE) estimation;phase transitions;random energy model;spin glasses;statistical mechanics}, 
doi={10.1109/TIT.2009.2039047}, 
ISSN={0018-9448}, 
month={March},}

@inproceedings{rangan2009asymptotic,
  title={Asymptotic analysis of map estimation via the replica method and compressed sensing},
  author={Rangan, Sundeep and Goyal, Vivek and Fletcher, Alyson K},
  booktitle={Advances in Neural Information Processing Systems},
  pages={1545--1553},
  year={2009}
}

@ARTICLE{1042305, 
author={T. Tanaka}, 
journal=IEEE_J_IT, 
title={A statistical-mechanics approach to large-system analysis of CDMA multiuser detectors}, 
year={2002}, 
volume={48}, 
number={11}, 
pages={2888-2910}, 
keywords={AWGN channels;channel capacity;code division multiple access;decorrelation;error statistics;least mean squares methods;power control;receivers;statistical mechanics;telecommunication control;AWGN channel;CDMA multiuser detectors;IO multiuser detectors;JO multiuser detectors;MMSE detectors;additive white Gaussian noise channel;bit-error rate;decorrelating detectors;individually optimum multiuser detectors;information-theoretic capacity;jointly optimum multiuser detectors;large-system analysis;linear minimum mean-square error detectors;multiuser efficiency;power control;randomly spread CDMA channel;replica method;statistical-mechanics approach;uncoded fully synchronous randomly spread code-division multiple-access multiuser detectors;AWGN;Bayesian methods;Decorrelation;Detectors;Image analysis;Information processing;Multiaccess communication;Noise level;Performance analysis;Signal to noise ratio}, 
doi={10.1109/TIT.2002.804053}, 
ISSN={0018-9448}, 
month={Nov},}

@ARTICLE{1435646,
author={Dongning Guo and S. Verdu}, 
journal=IEEE_J_IT, 
title={Randomly spread {CDMA}: asymptotics via statistical physics}, 
year={2005}, 
volume={51}, 
number={6}, 
pages={1983-2010},
keywords={Gaussian channels;MIMO systems;channel capacity;channel coding;code division multiple access;decoding;fading channels;least mean squares methods;matched filters;multiuser detection;radio receivers;radiofrequency interference;spread spectrum communication;statistical mechanics;CDMA;MAI;MIMO;MMSE;arbitrary input distribution;channel capacity;code-division multiple access;coupled fixed-point equation;decorrelator;deterministic function;flat fading;hidden Gaussian statistic;linear minimum mean-square error detector;linear vector channel model;matched filter;multiple-access interference;multiple-input multiple-output channel;multiuser channel;multiuser detection;posterior mean estimator;single-user decoding;statistical mechanic;statistical physic;Decoding;Degradation;Detectors;Fading;MIMO;Matched filters;Multiaccess communication;Multiple access interference;Multiuser detection;Physics;Channel capacity;code-division multiple access (CDMA);free energy;multiple-input multiple-output (MIMO) channel;multiuser detection;multiuser efficiency;replica method;statistical mechanics}, 
doi={10.1109/TIT.2005.847700}, 
ISSN={0018-9448}, 
month={June},}

@phdthesis{wu2011shannon,
  title={Shannon theory for compressed sensing},
  author={Wu, Yihong},
  year={2011},
  school={Princeton University}
}

@article{diggavi2001worst,
  title={The worst additive noise under a covariance constraint},
  author={Diggavi, Suhas N and Cover, Thomas M},
  journal=IEEE_J_IT,
  volume={47},
  number={7},
  pages={3072--3081},
  year={2001},
  publisher={IEEE}
}

@article{shamai1992worst,
  title={Worst-case power-constrained noise for binary-input channels},
  author={Shamai, Shlomo and Verdu, Sergio},
  journal=IEEE_J_IT,
  volume={38},
  number={5},
  pages={1494--1511},
  year={1992},
  publisher={IEEE}
}

@article{shannon1959coding,
  title={Coding theorems for a discrete source with a fidelity criterion},
  author={Shannon, Claude E},
  journal={IRE Nat. Conv. Rec},
  volume={4},
  number={142-163},
  pages={1},
  year={1959}
}

@article{burl1989estimating,
  title={Estimating the basis functions of the {K}arhunen-{L}oeve transform},
  author={Burl, Jeff B},
  journal=IEEE_J_ASSP,
  volume={37},
  number={1},
  pages={99--105},
  year={1989},
  publisher={IEEE}
}

@article{bharucha1970representation,
  title={On the representation of continuous parameter processes by a sequence of random variables},
  author={Bharucha, B and Kadota, TT},
  journal=IEEE_J_IT,
  volume={16},
  number={2},
  pages={139--141},
  year={1970},
  publisher={IEEE}
}

@article{atkinson1975convergence,
  title={Convergence rates for approximate eigenvalues of compact integral operators},
  author={Atkinson, Kendall},
  journal={SIAM Journal on Numerical Analysis},
  volume={12},
  number={2},
  pages={213--222},
  year={1975},
  publisher={SIAM}
}

@article{atkinson1967numerical,
  title={The numerical solution of the eigenvalue problem for compact integral operators},
  author={Atkinson, Kendall E},
  journal={Transactions of the American Mathematical Society},
  volume={129},
  number={3},
  pages={458--465},
  year={1967},
  publisher={JSTOR}
}

@ARTICLE{2015arXiv150602181T,
   author = {{Thrampoulidis}, C. and {Abbasi}, E. and {Hassibi}, B.},
    title = "{The LASSO with Non-linear Measurements is Equivalent to One With Linear Measurements}",
  journal = {ArXiv e-prints},
archivePrefix = "arXiv",
   eprint = {1506.02181},
     year = {2015},
    month = {jun},
   adsurl = {http://adsabs.harvard.edu/abs/2015arXiv150602181T},
}

@article{panter1951quantization,
  title={Quantization distortion in pulse-count modulation with nonuniform spacing of levels},
  author={Panter, PF and Dite, Wu},
  journal={Proceedings of the IRE},
  volume={39},
  number={1},
  pages={44--48},
  year={1951},
  publisher={IEEE}
}

@ARTICLE{508838, 
author={R. Zamir and M. Feder}, 
journal=IEEE_J_IT, 
title={On lattice quantization noise}, 
year={1996}, 
volume={42}, 
number={4}, 
pages={1152-1159}, 
keywords={Gaussian channels;entropy codes;error statistics;lattice theory;random processes;vector quantisation;white noise;AWGN channel;additive noise channel;bit rate;dithered lattice quantizer;divergence;entropy-coded dithered quantization;error;high resolution;information rate;lattice cell;lattice quantization noise;linear transformation;normalized second moment;random vector;white Gaussian process;white noise;wide-sense-stationary noise;AWGN;Additive noise;Additive white noise;Bit rate;Gaussian noise;Gaussian processes;Lattices;Noise level;Quantization;Vectors}, 
doi={10.1109/18.508838}, 
ISSN={0018-9448}, 
month={Jul},}

@inproceedings{wielandt1956error,
  title={Error bounds for eigenvalues of symmetric integral equations},
  author={Wielandt, Helmut},
  booktitle={Proc. Sympos. Appl. Math},
  volume={6},
  pages={261--282},
  year={1956}
}

@article{weyl1912asymptotische,
  title={Das asymptotische Verteilungsgesetz der Eigenwerte linearer partieller Differentialgleichungen (mit einer Anwendung auf die Theorie der Hohlraumstrahlung)},
  author={Weyl, Hermann},
  journal={Mathematische Annalen},
  volume={71},
  number={4},
  pages={441--479},
  year={1912},
  publisher={Springer}
}

@book{konig2013eigenvalue,
  title={Eigenvalue Distribution of Compact Operators},
  author={K{\"o}nig, H.},
  isbn={9783034862783},
  lccn={85028689},
  series={Operator Theory: Advances and Applications},
  year={2013},
  publisher={Birkh{\"a}user Basel}
}

@book{vetterli2014foundations,
  title={Foundations of signal processing},
  author={Vetterli, Martin and Kova{\v{c}}evi{\'c}, Jelena and Goyal, Vivek K},
  year={2014},
  publisher={Cambridge University Press}
}


@article{posner1967epsilon,
  title={Epsilon entropy of stochastic processes},
  author={Posner, Edward C and Rodemich, Eugene R and Rumsey Jr, Howard},
  journal={The Annals of Mathematical Statistics},
  pages={1000--1020},
  year={1967},
  publisher={JSTOR}
}

@article{kolmogorov1956certain,
  title={Certain asymptotic characteristics of completely bounded metric spaces},
  author={Kolmogorov, AN},
  journal={Doklady Akademii Nauk SSSR},
  volume={108},
  number={3},
  pages={385--388},
  year={1956},
  publisher={MEZHDUNARODNAYA KNIGA 39 DIMITROVA UL., 113095 MOSCOW, RUSSIA}
}

@INPROCEEDINGS{6620414, 
author={A. Mashiach and R. Zamir}, 
booktitle={Information Theory Proceedings (ISIT), 2013 IEEE International Symposium on}, 
title={Noise-shaped quantization for nonuniform sampling}, 
year={2013}, 
pages={1187-1191}, 
keywords={Wiener filters;quantisation (signal);sampling methods;Nyquist theorem;Wiener filtering;entropy-coded dithered quantization;lattice quantizer;noise amplification;noise shaping;noise spectrum;noise-shaped quantization;nonuniform sampling;rate-distortion function;reconstruction distortion;Lattices;Noise;Noise shaping;Nonuniform sampling;Quantization (signal);Resource description framework;Vectors}, 
doi={10.1109/ISIT.2013.6620414}, 
ISSN={2157-8095}, 
month={July},}

@article{izzo2003sampling,
  title={Sampling of generalized almost-cyclostationary signals},
  author={Izzo, Luciano and Napolitano, Antonio},
  journal=IEEE_J_SP,
  volume={51},
  number={6},
  pages={1546--1556},
  year={2003},
  publisher={IEEE}
}

@book{zemyan2012classical,
  title={The classical theory of integral equations: a concise treatment},
  author={Zemyan, Stephen M},
  year={2012},
  publisher={Springer Science \& Business Media}
}

@book{davenport1987introduction,
  title={An introduction to the theory of random signals and noise},
  author={Davenport, W.B. and Root, W.L. and IEEE Communications Society},
  lccn={87022594},
  series={Lincoln laboratory publications},
  year={1987},
  publisher={IEEE Press}
}

@ARTICLE{972484, 
author={J. E. Castrillon-Candas and K. Amaratunga}, 
journal=IEEE_J_SP, 
title={Fast estimation of continuous Karhunen-Loeve eigenfunctions using wavelets}, 
year={2002}, 
volume={50}, 
number={1}, 
pages={78-86}, 
keywords={Karhunen-Loeve transforms;covariance matrices;eigenvalues and eigenfunctions;interpolation;numerical stability;piecewise polynomial techniques;signal resolution;singular value decomposition;sparse matrices;wavelet transforms;biorthogonal interpolating function spaces;continuous Karhunen-Loeve eigenfunctions;covariance matrix size;eigenvalues;error bounds;fast estimation;interpolation;method of snapshots;multiresolution decomposition;nonsparsified covariance matrix;orthogonal interpolating function spaces;piecewise smooth polynomial ensemble functions;signal analysis;singular value decomposition;sparse covariance matrix;sparsified covariance matrix;stable SVD algorithm;wavelet spaces;Continuous wavelet transforms;Covariance matrix;Discrete cosine transforms;Eigenvalues and eigenfunctions;Helium;Polynomials;Reduced order systems;Robustness;Signal resolution;Singular value decomposition}, 
doi={10.1109/78.972484}, 
ISSN={1053-587X}, 
month={Jan},}

@ARTICLE{92880, 
author={D. F. Marshall and W. K. Jenkins and J. J. Murphy}, 
journal={IEEE Transactions on Circuits and Systems}, 
title={The use of orthogonal transforms for improving performance of adaptive filters}, 
year={1989}, 
volume={36}, 
number={4}, 
pages={474-484}, 
keywords={adaptive filters;computational complexity;filtering and prediction theory;Karhunen-Loeve transform;adaptive filters;computational complexity;convergence rates;error contours;fixed-parameter transform;hyperellipses;hyperspheres;input signals;learning characteristics;mean-square error surface;orthogonal transforms;real-time decomposition;transform domain processing;Adaptive algorithm;Adaptive filters;Arithmetic;Computational complexity;Convergence;Filtering algorithms;Karhunen-Loeve transforms;Least squares approximation;Shape;Very large scale integration}, 
doi={10.1109/31.92880}, 
ISSN={0098-4094}, 
month={Apr},}

@ARTICLE{119724, 
author={O. Rioul and P. Duhamel}, 
journal=IEEE_J_IT,
title={Fast algorithms for discrete and continuous wavelet transforms}, 
year={1992}, 
volume={38}, 
number={2}, 
pages={569-586}, 
keywords={computational complexity;fast Fourier transforms;filtering and prediction theory;signal processing;transforms;FFT;FIR filtering;Mallat algorithm;Shensa algorithm;a trous algorithm;computational complexity;computational savings;continuous wavelet transforms;discrete wavelet transform;fast Fourier transform;fast convolution techniques;filter bank;finite impulse response;signal analysis;Application software;Continuous wavelet transforms;Discrete transforms;Discrete wavelet transforms;Fast Fourier transforms;Filter bank;Finite impulse response filter;Image coding;Signal processing algorithms;Wavelet transforms}, 
doi={10.1109/18.119724}, 
ISSN={0018-9448}, 
month={March},}

@book{karatzas1998methods,
  title={Methods of mathematical finance},
  author={Karatzas, Ioannis and Shreve, Steven E},
  volume={39},
  year={1998},
  publisher={Springer Science \& Business Media}
}

@article{yang2004ultra,
  title={Ultra-wideband communications: an idea whose time has come},
  author={Yang, Liuqing and Giannakis, Georgios B},
  journal=IEEE_M_SP,
  volume={21},
  number={6},
  pages={26--54},
  year={2004},
  publisher={IEEE}
}

@INPROCEEDINGS{WienerISIT, 
author={Alon Kipnis and Yonina C. Eldar and Andrea J. Goldsmith}, 
booktitle={2016 IEEE International Symposium on Information Theory (ISIT)}, 
title={Information rates of sampled {W}iener processes}, 
year={2016}, 
pages={740-744}, 
keywords={continuous time systems;signal sampling;source coding;stochastic processes;waveform analysis;continuous-time Wiener process;information rates;minimal distortion;optimal distortion-rate performance;sampled Wiener processes;sampling rate;source coding problem;upper bound;waveform recovery;Bit rate;Distortion;Information rates;Source coding;Upper bound}, 
doi={10.1109/ISIT.2016.7541397}, 
month={July},}

@inproceedings{wiiittaker1915functions,
  title={On the functions which are represented by the expansions of the interpolatory theory},
  author={Wittaker, E. T.},
  booktitle={Proc. Roy. Soc. Edinburgh},
  volume={35},
  pages={181--194},
  year={1915}
}

@article{kontoyiannis2006mismatched,
  title={Mismatched codebooks and the role of entropy coding in lossy data compression},
  author={Kontoyiannis, Ioannis and Zamir, Ram},
  journal=IEEE_J_IT,
  volume={52},
  number={5},
  pages={1922--1938},
  year={2006},
  publisher={Institute of Electrical and Electronics Engineers}
}

@INPROCEEDINGS{KipnisRiniISIT2016, 
author={Alon Kipnis and Stefano Rini and Andrea J. Goldsmith}, 
booktitle={2016 IEEE International Symposium on Information Theory (ISIT)}, 
title={Multiterminal compress-and-estimate source coding}, 
year={2016}, 
pages={540-544}, 
keywords={AWGN channels;source coding;Gaussian source;Hamming distortion;binary source;centralized encoding;compress-and-estimate source coding;compressed noisy observation;distortion rate function;distributed encoding;indirect source coding;local distortion measure;minimal distortion;multiple binary symmetric channel;multiple parallel AWGN channels;multiterminal source coding problem;optimal multiterminal source coding;quadratic distortion;random source signal;single letter expression;Decoding;Distortion;Distortion measurement;Noise measurement;Observers;Source coding;Binary source;Compress-and-estimate;Gaussian source;Indirect source coding;Remote source coding}, 
doi={10.1109/ISIT.2016.7541357}, 
month={July},}

@article{DBLP:journals/corr/VarastehSG16,
  author    = {Morteza Varasteh and
               Osvaldo Simeone and
               Deniz G{\"{u}}nd{\"{u}}z},
  title     = {Joint Source-Channel Coding with One-Bit {ADC} Front End},
  journal   = {CoRR},
  volume    = {abs/1604.06578},
  year      = {2016},
  url       = {http://arxiv.org/abs/1604.06578},
  timestamp = {Mon, 02 May 2016 18:22:52 +0200},
  biburl    = {http://dblp.uni-trier.de/rec/bib/journals/corr/VarastehSG16},
  bibsource = {dblp computer science bibliography, http://dblp.org}
}

@article{donoho2011noise,
  title={The noise-sensitivity phase transition in compressed sensing},
  author={Donoho, David L and Maleki, Arian and Montanari, Andrea},
  journal=IEEE_J_IT,
  volume={57},
  number={10},
  pages={6920--6941},
  year={2011},
  publisher={IEEE}
}

@INPROCEEDINGS{5205718, 
author={Weiyu Xu and B. Hassibi}, 
booktitle={2009 IEEE International Symposium on Information Theory}, 
title={On sharp performance bounds for robust sparse signal recoveries}, 
year={2009}, 
pages={493-497}, 
keywords={data compression;geometry;matrix algebra;minimisation;signal restoration;compressive sensing;high-dimensional geometrical analysis;l1 minimization;linear equations;measurement matrix;robust sparse signal recoveries;sharp performance bounds;Compressed sensing;Equations;Measurement standards;Particle measurements;Robustness;Signal analysis;Sparse matrices;Sufficient conditions;Vectors;Grassmann angle;basis pursuit;compressed sensing;geometric probability;random linear subspaces}, 
doi={10.1109/ISIT.2009.5205718}, 
ISSN={2157-8095}, 
month={June},}

@inproceedings{sarvotham2006measurements,
  title={Measurements vs. bits: Compressed sensing meets information theory},
  author={Sarvotham, Shriram and Baron, Dror and Baraniuk, Richard G},
  booktitle={Allerton Conference on Communication, Control and Computing},
  year={2006}
}

@inproceedings{SongRiniKipnisGoldsmith2016,
  title={Optimal rate allocation in multiterminal compress-and-estimate source coding},
  author={Song, Ruiyang and Rini, Stefano and Kipnis, Alon and Goldsmith, Andrea J},
  booktitle={Information Theory Workshop (ITW), 2016 IEEE},
  pages={111--115},
  year={2016},
  organization={IEEE}
}

@INPROCEEDINGS{6875351, 
author={Alon Kipnis and Andrea J. Goldsmith}, 
booktitle={2014 IEEE International Symposium on Information Theory}, 
title={Distortion rate function of cyclo-stationary Gaussian processes}, 
year={2014}, 
pages={2834-2838}, 
keywords={Gaussian processes;eigenvalues and eigenfunctions;matrix algebra;rate distortion theory;Gaussian stationary narrowband pulse;continuous time process;cyclo-stationary Gaussian processes;deterministic sine wave;distortion rate function;eigenvalues;spectral density matrix;water-filling;Closed-form solutions;Correlation;Eigenvalues and eigenfunctions;Gaussian processes;Rate distortion theory;Source coding}, 
doi={10.1109/ISIT.2014.6875351}, 
ISSN={2157-8095}, 
month={June},}

@INPROCEEDINGS{7541357, 
author={Alon Kipnis and Stefano Rini and Andrea J. Goldsmith}, 
booktitle={2016 IEEE International Symposium on Information Theory (ISIT)}, 
title={Multiterminal compress-and-estimate source coding}, 
year={2016}, 
pages={540-544}, 
keywords={AWGN channels;source coding;Gaussian source;Hamming distortion;binary source;centralized encoding;compress-and-estimate source coding;compressed noisy observation;distortion rate function;distributed encoding;indirect source coding;local distortion measure;minimal distortion;multiple binary symmetric channel;multiple parallel AWGN channels;multiterminal source coding problem;optimal multiterminal source coding;quadratic distortion;random source signal;single letter expression;Decoding;Distortion;Distortion measurement;Noise measurement;Observers;Source coding;Binary source;Compress-and-estimate;Gaussian source;Indirect source coding;Remote source coding}, 
doi={10.1109/ISIT.2016.7541357}, 
month={July},}

@article{gill1995applications,
  title={Applications of the van {T}rees inequality: a {B}ayesian {C}ram{\'e}r-{R}ao bound},
  author={Gill, Richard D and Levit, Boris Y},
  journal={Bernoulli},
  pages={59--79},
  year={1995},
  publisher={JSTOR}
}

@book{van2004detection,
  title={Detection, estimation, and modulation theory},
  author={Van Trees, Harry L},
  year={2004},
  publisher={John Wiley \& Sons}
}

@article{oohama1998rate,
  title={The rate-distortion function for the quadratic {G}aussian {CEO} problem},
  author={Oohama, Yasutada},
  journal=IEEE_J_IT,
  volume={44},
  number={3},
  pages={1057--1070},
  year={1998},
  publisher={IEEE}
}

@inproceedings{prabhakaran2004rate,
  title={Rate region of the quadratic {G}aussian {CEO} problem},
  author={Prabhakaran, Vinod and Tse, David and Ramachandran, Kishore},
  booktitle={Information Theory, 2004. ISIT 2004. Proceedings. International Symposium on},
  pages={119},
  year={2004},
  organization={IEEE}
}

@phdthesis{KipnisMasterThesis,
  title={Generalized White Noise Space Anlysis and Stochastic Integration with respect to a Class of Gaussian Stationary Increment Processes},
  author={Kipnis, Alon},
  year={2012},
  school={Ben-Gurion University of the Negev}
}

@inproceedings{RaoKipnis,
  title={System identification from partial samples: non-asymptotic analysis},
  author={Rao, Milind and Kipnis, Alon and Javidi, Tara and Eldar, Yonina C and Goldsmith, Andrea J},
  booktitle={Presented at CDC},
  year={2016},
  organization={IEEE}
}

@ARTICLE{5008839, 
author={H. Inose and Y. Yasuda and J. Murakami}, 
journal={IRE Transactions on Space Electronics and Telemetry}, 
title={A telemetering system by code modulation}, 
year={1962}, 
volume={SET-8}, 
number={3}, 
pages={204-209}, 
keywords={Amplitude modulation;Bandwidth;Circuits;Delay effects;Delta modulation;Filters;Modulation coding;Particle measurements;Pulse generation;Pulse modulation}, 
doi={10.1109/IRET-SET.1962.5008839}, 
ISSN={0096-252X}, 
month={Sept},}

@ARTICLE{1092194, 
author={J. Candy}, 
journal=IEEE_J_COM, 
title={A Use of Limit Cycle Oscillations to Obtain Robust Analog-to-Digital Converters}, 
year={1974}, 
volume={22}, 
number={3}, 
pages={298-305}, 
keywords={A/D converters;ADC;Analog-to-digital conversion (ADC);PCM;Analog-digital conversion;Bandwidth;Circuits;Feedback;Limit-cycles;Phase change materials;Quantization;Robustness;Roundoff errors;Servomechanisms}, 
doi={10.1109/TCOM.1974.1092194}, 
ISSN={0090-6778}, 
month={Mar},}

@book{rappaport2014millimeter,
  title={Millimeter wave wireless communications},
  author={Rappaport, Theodore S and Heath Jr, Robert W and Daniels, Robert C and Murdock, James N},
  year={2014},
  publisher={Pearson Education}
}

@ARTICLE{2016arXiv160204193Z,
   author = {{Zhu}, S. and {Chen}, B.},
    title = "{Distributed Detection in Ad Hoc Networks Through Quantized Consensus-Part I: Distributed Averaging with Bounded Quantizer and Unbounded Input}",
  journal = {ArXiv e-prints},
archivePrefix = "arXiv",
   eprint = {1602.04193},
 primaryClass = "math.OC",
 keywords = {Mathematics - Optimization and Control},
     year = {2016},
    month = {FEB},
}

@misc{kipnis2016analogPatent,
  title={Analog-to-digital compression},
  author={Kipnis, Alon and Goldsmith, Andrea and Eldar, Yonina C},
  year={2016},
  month=apr # "~22",
  publisher={Google Patents},
  note={US Patent App. 15/136,744}
}

@article{bobrovsky1987,
author = "Bobrovsky, B. Z. and Mayer-Wolf, E. and Zakai, M.",
fjournal = "The Annals of Statistics",
journal = "Ann. Statist.",
month = "12",
number = "4",
pages = "1421--1438",
publisher = "The Institute of Mathematical Statistics",
title = "Some Classes of Global Cramer-Rao Bounds",
volume = "15",
year = "1987"
}

@article{Bickel1981,
 author = {P. J. Bickel},
 journal = {The Annals of Statistics},
 number = {6},
 pages = {1301-1309},
 publisher = {Institute of Mathematical Statistics},
 title = {Minimax Estimation of the Mean of a Normal Distribution when the Parameter Space is Restricted},
 volume = {9},
 year = {1981}
}

@article{casella1981,
author = "Casella, George and Strawderman, William E.",
fjournal = "The Annals of Statistics",
journal = "Ann. Statist.",
month = "07",
number = "4",
pages = "870--878",
publisher = "The Institute of Mathematical Statistics",
title = "Estimating a Bounded Normal Mean",
volume = "9",
year = "1981"
}

@Article{Meckes2012,
author="Meckes, Elizabeth",
title="Approximation of Projections of Random Vectors",
journal="Journal of Theoretical Probability",
year="2012",
volume="25",
number="2",
pages="333--352",
issn="1572-9230",
doi="10.1007/s10959-010-0299-2",
}

@ARTICLE{2016arXiv161209252R,
   author = {{Reeves}, G.},
    title = "{Conditional Central Limit Theorems for Gaussian Projections}",
  journal = {ArXiv e-prints},
   eprint = {1612.09252},
 primaryClass = "cs.IT",
 keywords = {Computer Science - Information Theory, Mathematics - Statistics Theory},
     year = "2016",
}

@ARTICLE{6157073, 
author={S. Rangan and A. K. Fletcher and V. K. Goyal}, 
journal=IEEE_J_IT, 
title={Asymptotic Analysis of MAP Estimation via the Replica Method and Applications to Compressed Sensing}, 
year={2012}, 
volume={58}, 
number={3}, 
pages={1902-1923}, 
keywords={Gaussian noise;compressed sensing;interference suppression;least mean squares methods;maximum likelihood estimation;Gaussian noise;LASSO estimation;MAP estimation;asymptotic analysis;compressed sensing;least absolute shrinkage and selection operator;linear estimation;maximum a posteriori;mean squared error method;postulated posterior mean estimation;postulated prior distribution;random linear measurements;replica method;sparsity pattern recovery probability;statistical analysis;thresholding;zero norm-regularized estimation;Compressed sensing;Equations;Estimation;Mathematical model;Noise level;Noise measurement;Vectors;Compressed sensing;Laplace's method;large deviations;least absolute shrinkage and selection operator (LASSO);non-Gaussian estimation;nonlinear estimation;random matrices;sparsity;spin glasses;statistical mechanics;thresholding}, 
doi={10.1109/TIT.2011.2177575}, 
ISSN={0018-9448}, 
month={March},}

@book{mezard2009information,
  title={Information, Physics, and Computation},
  author={M{\'e}zard, M. and Montanari, A.},
  isbn={9780198570837},
  lccn={2009277920},
  series={Oxford Graduate Texts},
  year={2009},
  publisher={OUP Oxford}
}

@inproceedings{montanari2006analysis,
  title={Analysis of belief propagation for non-linear problems: The example of CDMA (or: How to prove Tanaka's formula)},
  author={Montanari, Andrea and Tse, David},
  booktitle={2006 IEEE Information Theory Workshop-ITW'06 Punta del Este},
  pages={160--164},
  year={2006},
  organization={IEEE}
}

@article{edwards1975theory,
  title={Theory of spin glasses},
  author={Edwards, Samuel Frederick and Anderson, Phil W},
  journal={Journal of Physics F: Metal Physics},
  volume={5},
  number={5},
  pages={965},
  year={1975},
  publisher={IOP Publishing}
}

@article{muller2003channel,
  title={Channel capacity and minimum probability of error in large dual antenna array systems with binary modulation},
  author={Muller, Ralf R},
  journal=IEEE_J_SP,
  volume={51},
  number={11},
  pages={2821--2828},
  year={2003}
}

@article{donoho2006compressed,
  title={Compressed sensing},
  author={Donoho, David L},
  journal=IEEE_J_IT,
  volume={52},
  number={4},
  pages={1289--1306},
  year={2006},
  publisher={IEEE}
}

@article{donoho2006most,
  title={For most large underdetermined systems of linear equations the minimal l1-norm solution is also the sparsest solution},
  author={Donoho, David L},
  journal={Communications on pure and applied mathematics},
  volume={59},
  number={6},
  pages={797--829},
  year={2006},
  publisher={Wiley Online Library}
}

@inproceedings{Thrampoulidis:2015:LNM:2969442.2969621,
 author = {Thrampoulidis, Christos and Abbasi, Ehsan and Hassibi, Babak},
 title = {LASSO with Non-linear Measurements is Equivalent to One with Linear Measurements},
 booktitle = {Proceedings of the 28th International Conference on Neural Information Processing Systems},
 series = {NIPS'15},
 year = {2015},
 location = {Montreal, Canada},
 pages = {3420--3428},
 numpages = {9},
 acmid = {2969621},
 publisher = {MIT Press},
 address = {Cambridge, MA, USA},
}

@article{weidmann2012rate,
  title={Rate distortion behavior of sparse sources},
  author={Weidmann, Claudio and Vetterli, Martin},
  journal=IEEE_J_IT,
  volume={58},
  number={8},
  pages={4969--4992},
  year={2012},
  publisher={IEEE}
}

@article{zymnis2010compressed,
  title={Compressed sensing with quantized measurements},
  author={Zymnis, Argyrios and Boyd, Stephen and Candes, Emmanuel},
  journal={IEEE Signal Processing Letters},
  volume={17},
  number={2},
  pages={149--152},
  year={2010},
  publisher={IEEE}
}

@article{DBLP:journals/corr/ReevesP16,
  author    = {Galen Reeves and
               Henry D. Pfister},
  title     = {The Replica-Symmetric Prediction for Compressed Sensing with {G}aussian
               Matrices is Exact},
  journal   = {CoRR},
  volume    = {abs/1607.02524},
  year      = {2016},
  url       = {http://arxiv.org/abs/1607.02524},
  timestamp = {Tue, 02 Aug 2016 12:59:27 +0200},
  biburl    = {http://dblp.uni-trier.de/rec/bib/journals/corr/ReevesP16},
  bibsource = {dblp computer science bibliography, http://dblp.org}
}

@article{DBLP:journals/corr/AlbertiBLKR16,
  author    = {Giovanni Alberti and
               Helmut B{\"{o}}lcskei and
               Camillo De Lellis and
               G{\"{u}}nther Koliander and
               Erwin Riegler},
  title     = {Lossless Linear Analog Compression},
  journal   = {CoRR},
  volume    = {abs/1605.00912},
  year      = {2016},
  url       = {http://arxiv.org/abs/1605.00912},
  timestamp = {Wed, 01 Jun 2016 15:51:08 +0200},
  biburl    = {http://dblp.uni-trier.de/rec/bib/journals/corr/AlbertiBLKR16},
  bibsource = {dblp computer science bibliography, http://dblp.org}
}

@INPROCEEDINGS{7309005,
author={V. Kostina and S. Verdú},
booktitle={Information Theory and Applications Workshop (ITA), 2015},
title={The output distribution of good lossy source codes},
year={2015},
pages={308-312},
keywords={combined source-channel coding;entropy;rate distortion theory;blocklength;fixed-length compression;input distribution;joint distribution;lossy code;lossy joint source-channel coding;normalized conditional relative entropy;rate-distortion codes;rate-distortion function;stationary ergodic sources;subadditive distortion measures;variable-length compression;Distortion;Distortion measurement;Encoding;Entropy;Joints;Rate-distortion},
doi={10.1109/ITA.2015.7309005},
month={Feb},}

@inproceedings{schieler2013connection,
  title={A connection between good rate-distortion codes and backward DMCs},
  author={Schieler, Curt and Cuff, Paul},
  booktitle={Information Theory Workshop (ITW), 2013 IEEE},
  pages={1--5},
  year={2013},
  organization={IEEE}
}

@article{weissman2005empirical,
  title={The empirical distribution of rate-constrained source codes},
  author={Weissman, Tsachy and Ordentlich, Erik},
  journal=IEEE_J_IT,
  volume={51},
  number={11},
  pages={3718--3733},
  year={2005},
  publisher={IEEE}
}



@article{ai2014one,
  title={One-bit compressed sensing with non-Gaussian measurements},
  author={Ai, Albert and Lapanowski, Alex and Plan, Yaniv and Vershynin, Roman},
  journal={Linear Algebra and its Applications},
  volume={441},
  pages={222--239},
  year={2014},
  publisher={Elsevier}
}


@inproceedings{perez1964extensions,
  title={Extensions of Shannon-McMillan's limit theorem to more general stochastic processes},
  author={Perez, A},
  booktitle={Trans. Third Prague Conference on Information Theory, Statistical Decision Functions and Random Processes},
  pages={545--574},
  year={1964}
}

@book{eldar2012compressed,
  title={Compressed sensing: theory and applications},
  author={Eldar, Yonina C and Kutyniok, Gitta},
  year={2012},
  publisher={Cambridge University Press}
}

@article{DBLP:journals/corr/BarbierDMK16,
  author    = {Jean Barbier and
               Mohamad Dia and
               Nicolas Macris and
               Florent Krzakala},
  title     = {The Mutual Information in Random Linear Estimation},
  journal   = {CoRR},
  volume    = {abs/1607.02335},
  year      = {2016},
  url       = {http://arxiv.org/abs/1607.02335},
  timestamp = {Tue, 02 Aug 2016 12:59:27 +0200},
  biburl    = {http://dblp.uni-trier.de/rec/bib/journals/corr/BarbierDMK16},
  bibsource = {dblp computer science bibliography, http://dblp.org}
}

@article{korada2010tight,
  title={Tight bounds on the capacity of binary input random {CDMA} systems},
  author={Korada, Satish Babu and Macris, Nicolas},
  journal=IEEE_J_IT,
  volume={56},
  number={11},
  pages={5590--5613},
  year={2010},
  publisher={IEEE}
}

@INPROCEEDINGS{7789612, 
author={R. Feldman and Y. Weiss and Y. C. Eldar}, 
booktitle={2016 IEEE Conference on Computer Vision and Pattern Recognition Workshops (CVPRW)}, 
title={Power-Efficient Cameras Using Natural Image Statistics}, 
year={2016}, 
pages={945-953}, 
keywords={Bit rate;Cameras;Distortion;Distortion measurement;Energy consumption;Quantization (signal);Sensors}, 
doi={10.1109/CVPRW.2016.122}, 
month={June},}

@article{coluccia2014operational,
  title={Operational rate-distortion performance of single-source and distributed compressed sensing},
  author={Coluccia, Giulio and Roumy, Aline and Magli, Enrico},
  journal=IEEE_J_COM,
  volume={62},
  number={6},
  pages={2022--2033},
  year={2014},
  publisher={IEEE}
}

@ARTICLE{5773638, 
author={W. Dai and O. Milenkovic}, 
journal=IEEE_J_COM, 
title={Information Theoretical and Algorithmic Approaches to Quantized Compressive Sensing}, 
year={2011}, 
volume={59}, 
number={7}, 
pages={1857-1866}, 
keywords={data compression;distortion;signal reconstruction;vector quantisation;CS reconstruction algorithms;entropy coded quantization;quantized compressive sensing;reconstruction distortion;scalar coded quantization;vector quantization;Distortion;Distortion measurement;Encoding;Quantization;Rate distortion theory;Reconstruction algorithms;Upper bound;Compressive sensing;distortion rate function;quantization;subspace pursuit}, 
doi={10.1109/TCOMM.2011.051711.100204}, 
ISSN={0090-6778}, 
month={July},}


@ARTICLE{5212943, 
author={E. M. Deloraine and A. H. Reeves}, 
journal={IEEE Spectrum}, 
title={The 25th anniversary of pulse code modulation}, 
year={1965}, 
volume={2}, 
number={5}, 
pages={56-63}, 
keywords={Art;Biomembranes;History;Modulation coding;Phase change materials;Pulse modulation;Speech coding;Technology planning;Telegraphy;Telephony}, 
doi={10.1109/MSPEC.1965.5212943}, 
ISSN={0018-9235}, 
month={May},}

@article{verdu1999spectral,
  title={Spectral efficiency of CDMA with random spreading},
  author={Verd{\'u}, Sergio and Shamai, Shlomo},
  journal=IEEE_J_IT,
  volume={45},
  number={2},
  pages={622--640},
  year={1999},
  publisher={IEEE}
}

@article{tse1999linear,
  title={Linear multiuser receivers: Effective interference, effective bandwidth and user capacity},
  author={Tse, David N. C. and Hanly, Stephen V},
  journal=IEEE_J_IT,
  volume={45},
  number={2},
  pages={641--657},
  year={1999},
  publisher={IEEE}
}

@book{anderson2010introduction,
  title={An introduction to random matrices},
  author={Anderson, Greg W and Guionnet, Alice and Zeitouni, Ofer},
  volume={118},
  year={2010},
  publisher={Cambridge university press}
}

@article{willems1995context,
  title={The context-tree weighting method: Basic properties},
  author={Willems, Frans MJ and Shtarkov, Yuri M and Tjalkens, Tjalling J},
  journal=IEEE_J_IT,
  volume={41},
  number={3},
  pages={653--664},
  year={1995},
  publisher={IEEE}
}

@book{csiszár1997information,
  title={Information Theory: Coding Theorems for Discrete Memoryless Systems},
  author={Csisz{\'a}r, I. and K{\"o}rner, J.},
  isbn={9789630574402},
  lccn={80068232},
  series={Disquisitiones mathematicae Hungaricae},
  year={1997},
  publisher={Academic Press}
}

@ARTICLE{chen2004upper,
author={Jun Chen and Xin Zhang and Berger, T. and Wicker, S.B.},
journal={Selected Areas in Communications, IEEE Journal on},
title={An upper bound on the sum-rate distortion function and its corresponding rate allocation schemes for the {CEO} problem},
year={2004},
volume={22},
number={6},
pages={977-987},
keywords={Gaussian processes;distributed sensors;mean square error methods;minimisation;rate distortion theory;sensor fusion;source coding;contra-polymatroid structure;decentralised estimation;distributed sensor network;fusion center;mean squared error;minimum average distortion;multiterminal source coding;optimal rate allocation scheme;quadratic Gaussian CEO problem;signal-to-noise ratio;sum-rate distortion function;upper bound;water-filling;Bandwidth;Communication channels;Distortion;Electronic mail;Rate-distortion;Sensor fusion;Sensor phenomena and characterization;Signal to noise ratio;Source coding;Upper bound;CEO problem;Gaussian source;contra-polymatroid;decentralized estimation;mean-squared error;multiterminal source coding;rate allocation;water-filling},
doi={10.1109/JSAC.2004.830888},
ISSN={0733-8716},
month={Aug},}


@article{vaishampayan1993design,
  title={Design of multiple description scalar quantizers},
  author={Vaishampayan, Vinay A},
  journal=IEEE_J_IT,
  volume={39},
  number={3},
  pages={821--834},
  year={1993},
  publisher={IEEE}
}

@ARTICLE{6295675, 
author={U. S. Kamilov and V. K. Goyal and S. Rangan}, 
journal=IEEE_J_SP, 
title={Message-Passing De-Quantization With Applications to Compressed Sensing}, 
year={2012}, 
volume={60}, 
number={12}, 
pages={6270-6281}, 
keywords={Gaussian processes;approximation theory;belief networks;compressed sensing;mean square error methods;measurement systems;message passing;quantisation (signal);GAMP;Gaussian approximation;Gaussian measurement matrix;MPDQ algorithms;MPDQ signal reconstruction;MSE-optimal scalar quantizers;asymptotic error performance;compressed sensing;generalized approximate message passing;high-dimensional estimation problems;incorporate arbitrary separable priors;linear expansion;linear transforms;loopy belief propagation;measurements scalar quantization;message-passing dequantization algorithms;minimum mean-squared error estimation;nonlinear componentwise-separable output channels;nonregular scalar quantization;output channel formalism;quantized linear measurement;random vector;scalar quantization;scalar state evolution equations;simple linear techniques;sparsity-inducing prior;sparsity-inducing priors;vector estimation;AC-DC converters;Approximation algorithms;Compressed sensing;Estimation;Linear systems;Quantization;Transforms;Analog-to-digital conversion;Slepian-Wolf coding;Wyner-Ziv coding;approximate message passing;belief propagation;compressed sensing;frames;non-regular quantizers;overcomplete representations;quantization}, 
doi={10.1109/TSP.2012.2217334}, 
ISSN={1053-587X}, 
month={Dec},}

@book{boyd2004convex,
  title={Convex optimization},
  author={Boyd, Stephen and Vandenberghe, Lieven},
  year={2004},
  publisher={Cambridge university press}
}


@ARTICLE{1055714, 
author={J. Ziv and A. Lempel}, 
journal=IEEE_J_IT, 
title={A universal algorithm for sequential data compression}, 
year={1977}, 
volume={23}, 
number={3}, 
pages={337-343}, 
keywords={Sequential coding;Source coding;Books;Compression algorithms;Data compression;Data processing;Displays;Information theory;Jacobian matrices;Telephony;Testing;Upper bound}, 
doi={10.1109/TIT.1977.1055714}, 
ISSN={0018-9448}, 
month={May},}

@ARTICLE{Koshelev1993, 
author={V. N. Koshelev}, 
journal={Problem Pered Information}, 
title={Quantizataion with minimal entropy}, 
year={1993}, 
number={14}, 
pages={151-156}, 
}

@article{gish1968asymptotically,
  title={Asymptotically efficient quantizing},
  author={Gish, Herbert and Pierce, John},
  journal=IEEE_J_IT,
  volume={14},
  number={5},
  pages={676--683},
  year={1968},
  publisher={IEEE}
}

@book{van2000asymptotic,
  title={Asymptotic statistics},
  author={Van der Vaart, Aad W},
  volume={3},
  year={2000},
  publisher={Cambridge university press}
}

@article{black1947pulse,
  title={Pulse code modulation},
  author={Black, Harold S and Edson, JO},
  journal={Transactions of the American Institute of Electrical Engineers},
  volume={66},
  number={1},
  pages={895--899},
  year={1947},
  publisher={IEEE}
}

@book{sen1994large,
  title={Large sample methods in statistics: an introduction with applications},
  author={Sen, Pranab K and Singer, Julio M},
  volume={25},
  year={1994},
  publisher={CRC Press}
}

@article{MAL-035,
year = {2011},
volume = {3},
journal = {Foundations and Trends in Machine Learning},
title = {Randomized Algorithms for Matrices and Data},
doi = {10.1561/2200000035},
issn = {1935-8237},
number = {2},
pages = {123-224},
author = {Michael W. Mahoney}
}

@article{schuchman1964dither,
  title={Dither signals and their effect on quantization noise},
  author={Schuchman, Leonard},
  journal=IEEE_J_COMT,
  volume={12},
  number={4},
  pages={162--165},
  year={1964},
  publisher={IEEE}
}

@ARTICLE{1082745, 
author={Kung Yao and J. Thomas}, 
journal=IEEE_J_CT, 
title={On Some Stability and Interpolatory Properties of Nonuniform Sampling Expansions}, 
year={1967}, 
volume={14}, 
number={4}, 
pages={404-408}, 
keywords={Band-limited functions;Sampling expansions, nonuniform;Signal theory;Bandwidth;Fourier transforms;Interpolation;Lagrangian functions;Nonuniform sampling;Sampling methods;Stability}, 
doi={10.1109/TCT.1967.1082745}, 
ISSN={0018-9324}, 
month={December},}

@Inbook{Simpson2015,
author="Simpson, Andrew J. R.
and Roma, Gerard
and Plumbley, Mark D.",
editor="Vincent, Emmanuel
and Yeredor, Arie
and Koldovsk{\'y}, Zbyn{\v{e}}k
and Tichavsk{\'y}, Petr",
title="Deep Karaoke: Extracting Vocals from Musical Mixtures Using a Convolutional Deep Neural Network",
bookTitle="Latent Variable Analysis and Signal Separation: 12th International Conference, LVA/ICA 2015, Liberec, Czech Republic, August 25-28, 2015, Proceedings",
year="2015",
publisher="Springer International Publishing",
address="Cham",
pages="429--436",
isbn="978-3-319-22482-4",
doi="10.1007/978-3-319-22482-4_50",
}


@article{uhlenbeck1930theory,
  title={On the theory of the Brownian motion},
  author={Uhlenbeck, George E and Ornstein, Leonard S},
  journal={Physical review},
  volume={36},
  number={5},
  pages={823},
  year={1930},
  publisher={APS}
}

@phdthesis{ginsburg2007energy,
  title={Energy-efficient analog-to-digital conversion for ultra-wideband radio},
  author={Ginsburg, Brian P},
  year={2007},
  school={Massachusetts Institute of Technology}
}

@inproceedings{murmann2008d,
  title={{A/D} converter trends: Power dissipation, scaling and digitally assisted architectures},
  author={Murmann, Boris},
  booktitle={Custom Integrated Circuits Conference, 2008. CICC 2008. IEEE},
  pages={105--112},
  year={2008},
  organization={IEEE}
}

@book{zwicker2013psychoacoustics,
  title={Psychoacoustics: Facts and models},
  author={Zwicker, Eberhard and Fastl, Hugo},
  volume={22},
  year={2013},
  publisher={Springer Science \& Business Media}
}

@article{vaughan1991theory,
  title={The theory of bandpass sampling},
  author={Vaughan, Rodney G and Scott, Neil L and White, D Rod},
  journal=IEEE_J_SP,
  volume={39},
  number={9},
  pages={1973--1984},
  year={1991},
  publisher={IEEE}
}

@article{csiszar1998method,
  title={The method of types [information theory]},
  author={Csisz{\'a}r, Imre},
  journal=IEEE_J_IT,
  volume={44},
  number={6},
  pages={2505--2523},
  year={1998},
  publisher={IEEE}
}

@book{lehmann2006theory,
  title={Theory of point estimation},
  author={Lehmann, Erich Leo and Casella, George},
  year={2006},
  publisher={Springer Science \& Business Media}
}

@article{demaine2003correlation,
  title={Correlation clustering with partial information},
  author={Demaine, Erik and Immorlica, Nicole},
  journal={Approximation, Randomization, and Combinatorial Optimization.. Algorithms and Techniques},
  pages={71--80},
  year={2003},
  publisher={Springer}
}

@article{pradhan2002distributed,
  title={Distributed compression in a dense microsensor network},
  author={Pradhan, S Sandeep and Kusuma, Julius and Ramchandran, Kannan},
  journal=IEEE_M_SP,
  volume={19},
  number={2},
  pages={51--60},
  year={2002},
  publisher={IEEE}
}

@inproceedings{graves2013speech,
  title={Speech recognition with deep recurrent neural networks},
  author={Graves, Alex and Mohamed, Abdel-rahman and Hinton, Geoffrey},
  booktitle={Acoustics, speech and signal processing ({ICASSP}), 2013 {IEEE} international conference on},
  pages={6645--6649},
  year={2013},
  organization={IEEE}
}

@article{lecun2015deep,
  title={Deep learning},
  author={LeCun, Yann and Bengio, Yoshua and Hinton, Geoffrey},
  journal={Nature},
  volume={521},
  number={7553},
  pages={436--444},
  year={2015},
  publisher={Nature Research}
}

@article{lyubarskii2002weighted,
  title={Weighted Paley-Wiener spaces},
  author={Lyubarskii, Yurii and Seip, Kristian},
  journal={Journal of the American Mathematical Society},
  volume={15},
  number={4},
  pages={979--1006},
  year={2002}
}

@article{drineas2016randnla,
  title={RandNLA: randomized numerical linear algebra},
  author={Drineas, Petros and Mahoney, Michael W},
  journal={Communications of the ACM},
  volume={59},
  number={6},
  pages={80--90},
  year={2016},
  publisher={ACM}
}

@inproceedings{mahendran2015understanding,
  title={Understanding deep image representations by inverting them},
  author={Mahendran, Aravindh and Vedaldi, Andrea},
  booktitle={Proceedings of the IEEE Conference on Computer Vision and Pattern Recognition},
  pages={5188--5196},
  year={2015}
}

@article{cho2014learning,
  title={Learning phrase representations using RNN encoder-decoder for statistical machine translation},
  author={Cho, Kyunghyun and Van Merri{\"e}nboer, Bart and Gulcehre, Caglar and Bahdanau, Dzmitry and Bougares, Fethi and Schwenk, Holger and Bengio, Yoshua},
  journal={arXiv preprint arXiv:1406.1078},
  year={2014}
}

@phdthesis{kanlis1997compression,
  title={Compression and transmission of information at multiple resolutions},
  author={Kanlis, Angelos},
  year={1997},
  school={University of Maryland}
}

@article{huleihel2015compressive,
  title={On compressive sensing in coding problems: a rigorous approach},
  author={Huleihel, Wasim and Merhav, Neri and Shitz, Shlomo Shamai},
  journal=IEEE_J_IT,
  volume={61},
  number={10},
  pages={5727--5744},
  year={2015},
  publisher={IEEE}
}

@book{kailath2000linear,
  title={Linear estimation},
  author={Kailath, Thomas and Sayed, Ali H and Hassibi, Babak},
  volume={1},
  year={2000},
  publisher={Prentice Hall Upper Saddle River, NJ}
}

@book{gohberg2003basic,
  title={Basic Classes of Linear Operators},
  author={Gohberg, I. and Goldberg, S. and Kaashoek, M.},
  isbn={9783764369309},
  lccn={03063015},
  url={https://books.google.com/books?id=aFc\_1wnpuLUC},
  year={2003},
  publisher={Birkh{\"a}user Basel}
}

@BOOK{GS2,
 AUTHOR="I.M. Guelfand and G.E. Shilov",
 TITLE="{Les distributions. Tome 2}",
 SERIES = {Collection Universitaire de
              Math\'ematiques, No. 15},
 PUBLISHER = {Dunod},
   ADDRESS = {Paris},
      YEAR = {1964}}

@BOOK{GS2_english,
 AUTHOR="I.M. Gelfand and G.E. Shilov",
 TITLE="{Generalized functions. Volume 2}",
 YEAR="1968",
 PUBLISHER="Academic Press"}


 @article{benedetto1992irregular,
  title={Irregular sampling and frames},
  author={Benedetto, John J},
  journal={wavelets: A Tutorial in Theory and Applications},
  volume={2},
  pages={445--507},
  year={1992},
  publisher={Academic Press, Boston}
}

@article{feichtinger1994theory,
  title={Theory and practice of irregular sampling},
  author={Feichtinger, Hans G and Gr{\"o}chenig, Karlheinz},
  journal={Wavelets: mathematics and applications},
  volume={1994},
  pages={305--363},
  year={1994}
}

@book{royden1988real,
  title={Real analysis},
  author={Royden, Halsey Lawrence and Fitzpatrick, Patrick},
  volume={198},
  number={8},
  year={1988},
  publisher={Macmillan New York}
}

@book{gray1972conditional,
  title={Conditional rate-distortion theory},
  author={Gray, Robert M},
  year={1972},
  publisher={Information Systems Laboratory, Stanford Electronics Laboratories}
}

@article{boda2017sampling,
  title={Sampling rate distortion},
  author={Boda, Vinay Praneeth and Narayan, Prakash},
  journal=IEEE_J_IT,
  volume={63},
  number={1},
  pages={563--574},
  year={2017},
  publisher={IEEE}
}

@book{weiss1994aspects,
  title={Aspects and Applications of the Random Walk," Random Materials and Processes, Series Eds. H. Stanley and E. Guyon},
  author={Weiss, GH},
  year={1994},
  publisher={North Holland}
}

@article{singh2009limits,
  title={On the limits of communication with low-precision analog-to-digital conversion at the receiver},
  author={Singh, Jaspreet and Dabeer, Onkar and Madhow, Upamanyu},
  journal=IEEE_J_COM,
  volume={57},
  number={12},
  year={2009},
  publisher={IEEE}
}

@book{renyi1984diary,
  title={A diary on information theory},
  author={R{\'e}nyi, Alfr{\'e}d and Makkai-Bencs{\'a}th, Zsuzsanna},
  year={1984},
  publisher={Akad{\'e}miai Kiad{\'o} Budapest}
}

@book{ulam1991adventures,
  title={Adventures of a Mathematician},
  author={Ulam, Stanislaw M},
  year={1991},
  publisher={Univ of California Press}
}

@article{cicalese2002least,
  title={Least adaptive optimal search with unreliable tests},
  author={Cicalese, Ferdinando and Mundici, Daniele and Vaccaro, Ugo},
  journal={Theoretical Computer Science},
  volume={270},
  number={1},
  pages={877--893},
  year={2002},
  publisher={Elsevier}
}

@inproceedings{Karp:2007:NBS:1283383.1283478,
 author = {Karp, Richard M. and Kleinberg, Robert},
 title = {Noisy Binary Search and Its Applications},
 booktitle = {Proceedings of the Eighteenth Annual ACM-SIAM Symposium on Discrete Algorithms},
 series = {SODA '07},
 year = {2007},
 isbn = {978-0-898716-24-5},
 location = {New Orleans, Louisiana},
 pages = {881--890},
 numpages = {10},
 acmid = {1283478},
 publisher = {Society for Industrial and Applied Mathematics},
 address = {Philadelphia, PA, USA},
}

@article{baraniuk2017exponential,
  title={Exponential decay of reconstruction error from binary measurements of sparse signals},
  author={Baraniuk, Richard G and Foucart, Simon and Needell, Deanna and Plan, Yaniv and Wootters, Mary},
  journal=IEEE_J_IT,
  volume={63},
  number={6},
  pages={3368--3385},
  year={2017},
  publisher={IEEE}
}

@ARTICLE{1458123, 
author={P. P. Vaidyanathan}, 
journal={Proceedings of the IEEE}, 
title={On predicting a band-limited signal based on past sample values}, 
year={1987}, 
volume={75}, 
number={8}, 
pages={1125-1127}, 
keywords={Bandwidth;Circuits;Clocks;Conductors;Costs;Data mining;Decoding;Electrons;Propagation delay;Wavelength division multiplexing}, 
doi={10.1109/PROC.1987.13856}, 
ISSN={0018-9219}, 
month={Aug},}

@incollection{van2014ergodicity,
  title={Ergodicity, Decisions, and Partial Information},
  author={van Handel, Ramon},
  booktitle={S{\'e}minaire de Probabilit{\'e}s XLVI},
  pages={411--459},
  year={2014},
  publisher={Springer}
}

@inproceedings{kotel1933carrying,
  title={The carrying capacity of “ether” and wire in electrical communications,” All-Union Energy Committee},
  author={Kotel'nikov, VA},
  booktitle={Materials for the 1st All-Union Congress on Problems of Technical Reconstruction of Communications Tnd Development of the Low-Current Industry [in Russian]},
  year={1933}
}

@article{whittaker_1915, 
  title={XVIII.—On the Functions which are represented by the Expansions of the Interpolation-Theory}, 
  volume={35}, 
  DOI={10.1017/S0370164600017806}, 
  journal={Proceedings of the Royal Society of Edinburgh}, 
  publisher={Royal Society of Edinburgh Scotland Foundation}, 
  author={Whittaker, E. T.}, 
  year={1915}, 
  pages={181–194}
}

@ARTICLE{950786, 
author={R. Venkataramani and Y. Bresler}, 
journal={IEEE Transactions on Signal Processing}, 
title={Optimal sub-Nyquist nonuniform sampling and reconstruction for multiband signals}, 
year={2001}, 
volume={49}, 
number={10}, 
pages={2301-2313}, 
keywords={noise;optimisation;signal reconstruction;signal sampling;Landau's lower bound;Nyquist rate;additive noise;error sensitivity;mismodeling;multiband signals;multicoset sampling;nonuniform sampling pattern;optimal sampling rate;optimal sub-Nyquist nonuniform reconstruction;optimal sub-Nyquist nonuniform sampling;perfect reconstruction;performance measures;periodic nonuniform sampling;reduced sampling rates;spectral support;system performance;translation;uniform sampling;Additive noise;Design optimization;Fourier transforms;Image reconstruction;Magnetic resonance imaging;Nonuniform sampling;Sampling methods;Sensor arrays;System performance}, 
doi={10.1109/78.950786}, 
ISSN={1053-587X}, 
month={Oct},}


@article{melrose2007introduction,
  title={Introduction to microlocal analysis},
  author={Melrose, Richard},
  journal={Lecture notes from courses taught at MIT},
  year={2007}
}

@article{peled1976digital,
  title={Digital signal processing: theory, design, and implementation},
  author={Peled, Abraham and Liu, Bede},
  journal={New York, John Wiley and Sons, Inc., 1976. 319 p.},
  year={1976}
}

@article{heil1989continuous,
  title={Continuous and discrete wavelet transforms},
  author={Heil, Christopher E and Walnut, David F},
  journal={SIAM review},
  volume={31},
  number={4},
  pages={628--666},
  year={1989},
  publisher={SIAM}
}

@INPROCEEDINGS{7606839, 
author={M. Leinonen and M. Codreanu and M. Juntti and G. Kramer}, 
booktitle={2016 IEEE Information Theory Workshop (ITW)}, 
title={Rate-distortion lower bound for compressed sensing via conditional remote source coding}, 
year={2016}, 
pages={275-279}, 
keywords={compressed sensing;least mean squares methods;rate distortion theory;source coding;compression performance;conditional rate-distortion theory;conditional remote source coding;estimation step;finite rate CS setup;lossy compressed sensing;minimum mean square error estimation;rate-dependent transmission step;rate-distortion behavior;rate-distortion lower bound;sparse source;Decoding;Distortion;Rate-distortion;Resource description framework;Silicon;Source coding}, 
doi={10.1109/ITW.2016.7606839}, 
month={Sept},}

@inproceedings{krein1945problem,
  title={On a problem of extrapolation of AN Kolmogorov},
  author={Krein, MG},
  booktitle={Dokl. Akad. Nauk SSSR},
  volume={46},
  number={306-309},
  pages={376},
  year={1945}
}

@article{Nedoma,
  title={On the ergodicity and r-ergodicity of stationary probability measures},
  author={Nedoma J.},
  journal={Z. Wahrsch. Verw. Gebiete},
  number={4},
  pages={2:90-97},
  year={1963},
}


@article{bennett1958statistics,
  title={Statistics of regenerative digital transmission},
  author={Bennett, WR},
  journal={Bell Labs Technical Journal},
  volume={37},
  number={6},
  pages={1501--1542},
  year={1958},
  publisher={Wiley Online Library}
}


@book{tsybakov2008introduction,
  title={Introduction to Nonparametric Estimation},
  author={Tsybakov, A.B.},
  isbn={9780387790527},
  lccn={2008939894},
  series={Springer Series in Statistics},
  year={2008},
  publisher={Springer New York}
}


@article{tsitsiklis1988decentralized,
  title={Decentralized detection by a large number of sensors},
  author={Tsitsiklis, John N},
  journal={Mathematics of Control, Signals, and Systems (MCSS)},
  volume={1},
  number={2},
  pages={167--182},
  year={1988},
  publisher={Springer}
}

@ARTICLE{904560, 
author={Wei Shi and T. W. Sun and R. D. Wesel}, 
journal=IEEE_J_IT, 
title={Quasi-convexity and optimal binary fusion for distributed detection with identical sensors in generalized {G}aussian noise}, 
year={2001}, 
volume={47}, 
number={1}, 
pages={446-450}, 
keywords={Bayes methods;Gaussian noise;error statistics;optimisation;sensor fusion;signal detection;Bayes risk;Neyman-Pearson criteria;a priori probability;admissible fusion rule;binary hypothesis detection;distributed detection;error probability;fusion center;generalized Gaussian noise;global decision;identical independent sensors;infinite precision sensors;local binary decisions;non-Gaussian noise distribution;optimal binary fusion;optimal threshold;quasi-convex function;quasi-convex optimization problems;sufficient condition;Bayesian methods;Detectors;Error probability;Gaussian noise;Information theory;Sensor fusion;Sensor phenomena and characterization;Source coding;Sufficient conditions;Sun}, 
doi={10.1109/18.904560}, 
ISSN={0018-9448}, 
month={Jan},}

@ARTICLE{4244748, 
author={P. Venkitasubramaniam and L. Tong and A. Swami}, 
journal={IEEE Transactions on Signal Processing}, 
title={Quantization for Maximin ARE in Distributed Estimation}, 
year={2007}, 
volume={55}, 
number={7}, 
pages={3596-3605}, 
keywords={estimation theory;iterative methods;quantisation (signal);asymptotic relative efficiency;convergent iterative algorithm;deterministic parameter;deterministic scalar quantizers;distributed estimation;joint multiple quantizer;local minima;maximin ARE;optimal quantizers;person-by-person optimization;quantization;quantized esimators;score-function quantizers;unquantized ML estimators;Algorithm design and analysis;Collaborative work;Estimation error;Government;Iterative algorithms;Maximum likelihood estimation;Numerical simulation;Quantization;Signal processing algorithms;Statistical distributions;Asymptotic relative efficiency (ARE);distributed estimation;quantization;score-function quantizer (SFQ)}, 
doi={10.1109/TSP.2007.894279}, 
ISSN={1053-587X}, 
month={July},}

@INPROCEEDINGS{1619423, 
author={P. Venkitasubramaniam and G. Mergen and Lang Tong and A. Swami}, 
booktitle={2005 3rd International Conference on Intelligent Sensing and Information Processing}, 
title={Quantization For Distributed Estimation in Large Scale Sensor Networks}, 
year={2005}, 
pages={121-127}, 
keywords={distributed sensors;maximum likelihood estimation;quantisation (signal);sensor fusion;Fisher information;distributed parameter estimation quantization;fusion center;general convex metric;large scale sensor networks;maximum likelihood estimator;score-function quantizer;temporal estimation problems;unbiased estimator;Batteries;Data processing;Intelligent networks;Laboratories;Large-scale systems;Maximum likelihood estimation;Parameter estimation;Quantization;Sensor fusion;Sensor phenomena and characterization}, 
doi={10.1109/ICISIP.2005.1619423}, 
month={Dec},}

@article{chen2010performance,
  title={Performance limit for distributed estimation systems with identical one-bit quantizers},
  author={Chen, Hao and Varshney, Pramod K},
  journal={IEEE Transactions on Signal Processing},
  volume={58},
  number={1},
  pages={466--471},
  year={2010},
  publisher={IEEE}
}

@ARTICLE{6882252, 
author={A. Vempaty and H. He and B. Chen and P. K. Varshney}, 
journal={IEEE Transactions on Signal Processing}, 
title={On Quantizer Design for Distributed Bayesian Estimation in Sensor Networks}, 
year={2014}, 
volume={62}, 
number={20}, 
pages={5359-5369}, 
keywords={Bayes methods;multi-access systems;parameter estimation;quantisation (signal);wireless channels;wireless sensor networks;Bayesian criterion;binary quantizers;distributed Bayesian estimation;distributed location parameter estimation;fusion center;optimal quantizer design approach;sensor networks;threshold quantizer;wireless multiple access channel;Bayes methods;Cost function;Distributed databases;Estimation;Parameter estimation;Random variables;Silicon;Distributed estimation;Posterior Cramér Rao Lower Bound (PCRLB);optimal quantizer design}, 
doi={10.1109/TSP.2014.2350964}, 
ISSN={1053-587X}, 
month={Oct},}

@ARTICLE{5184907, 
author={H. Chen and P. K. Varshney}, 
journal={IEEE Transactions on Signal Processing}, 
title={Performance Limit for Distributed Estimation Systems With Identical One-Bit Quantizers}, 
year={2010}, 
volume={58}, 
number={1}, 
pages={466-471},  
doi={10.1109/TSP.2009.2028938}, 
ISSN={1053-587X}, 
month={Jan},}

@INPROCEEDINGS{5751320, 
author={W. P. Tay and J. N. Tsitsiklis}, 
booktitle={International Symposium on Wireless and Pervasive Computing}, 
title={The value of feedback for decentralized detection in large sensor networks}, 
year={2011}, 
pages={1-6}, 
keywords={Bayes methods;feedback;sensor fusion;wireless sensor networks;Bayesian formulation;Neyman-Pearson formulation;decentralized binary hypothesis testing problem;decentralized detection;fusion center;sensor networks;two-message feedback architectures;Bayesian methods;Computer architecture;Error probability;Performance gain;Quantization;Random variables;Zinc;Decentralized detection;error exponent;feedback;sensor networks}, 
doi={10.1109/ISWPC.2011.5751320}, 
month={Feb},}

@article{YICK20082292,
title = "Wireless sensor network survey",
journal = "Computer Networks",
volume = "52",
number = "12",
pages = "2292 - 2330",
year = "2008",
note = "",
issn = "1389-1286",
doi = "http://dx.doi.org/10.1016/j.comnet.2008.04.002",
author = "Jennifer Yick and Biswanath Mukherjee and Dipak Ghosal",
keywords = "Wireless sensor network",
keywords = "Protocols",
keywords = "Sensor network services",
keywords = "Sensor network deployment",
keywords = "Survey"
}

@book{papadimitriou1998combinatorial,
  title={Combinatorial optimization: algorithms and complexity},
  author={Papadimitriou, Christos H and Steiglitz, Kenneth},
  year={1998},
  publisher={Courier Corporation}
}

@incollection{Shamir,
title = {Fundamental Limits of Online and Distributed Algorithms for Statistical Learning and Estimation},
author = {Shamir, Ohad},
booktitle = {Advances in Neural Information Processing Systems 27},
editor = {Z. Ghahramani and M. Welling and C. Cortes and N. D. Lawrence and K. Q. Weinberger},
pages = {163--171},
year = {2014},
publisher = {Curran Associates, Inc.},
url = {http://papers.nips.cc/paper/5386-fundamental-limits-of-online-and-distributed-algorithms-for-statistical-learning-and-estimation.pdf}
}


@InProceedings{blais_et_al:LIPIcs:2017:7536,
  author =  {Eric Blais and Cl{\'e}ment L. Canonne and Tom Gur},
  title = {{Distribution Testing Lower Bounds via Reductions from Communication Complexity}},
  booktitle = {32nd Computational Complexity Conference (CCC 2017)},
  pages = {28:1--28:40},
  series =  {Leibniz International Proceedings in Informatics (LIPIcs)},
  ISBN =  {978-3-95977-040-8},
  ISSN =  {1868-8969},
  year =  {2017},
  volume =  {79},
  editor =  {Ryan O'Donnell},
  publisher = {Schloss Dagstuhl--Leibniz-Zentrum fuer Informatik},
  address = {Dagstuhl, Germany},
  URL =   {http://drops.dagstuhl.de/opus/volltexte/2017/7536},
  URN =   {urn:nbn:de:0030-drops-75366},
  doi =   {10.4230/LIPIcs.CCC.2017.28},
  annote =  {Keywords: Distribution testing, communication complexity, lower bounds, simultaneous message passing, functional analysis}
}

@INPROCEEDINGS{ValiantValiant, 
author={G. Valiant and P. Valiant}, 
booktitle={2014 IEEE 55th Annual Symposium on Foundations of Computer Science}, 
title={An Automatic Inequality Prover and Instance Optimal Identity Testing}, 
year={2014}, 
volume={}, 
number={}, 
pages={51-60}, 
keywords={computational complexity;linear programming;probability;theorem proving;Lp norm monotonicity;O(√n/ε2);O(√npolylog/n4) bound;automatic inequality prover;bounded L2/3 norm;constant factors;distribution identity verification;domain elements;error parameters;finite positive number sequences;general inequalities;generalized Cauchy-Schwarz inequality;generalized Holder inequality;hairy inequalities;instance optimal identity testing;linear programming;probability;standard Cauchy-Schwarz inequality;testing algorithm;tight-known result matching;total variation distance;universal constants;unknown distribution parameters;upper-bounded function;Algorithm design and analysis;Complexity theory;Linear programming;Polynomials;Testing;Vectors;Automated Theorem Proving;Cauchy-Schwarz inequality;Identity Testing;Instance Optimal;Property Testing}, 
doi={10.1109/FOCS.2014.14}, 
ISSN={0272-5428}, 
month={Oct},}

@article{jordan2016communication,
  title={Communication-Efficient Distributed Statistical Inference},
  author={Jordan, Michael I and Lee, Jason D and Yang, Yun},
  journal={arXiv preprint arXiv:1605.07689},
  year={2016}
}

@inproceedings{shamir2014fundamental,
  title={Fundamental limits of online and distributed algorithms for statistical learning and estimation},
  author={Shamir, Ohad},
  booktitle={Advances in Neural Information Processing Systems},
  pages={163--171},
  year={2014}
}

@inproceedings{steinhardt2015minimax,
  title={Minimax rates for memory-bounded sparse linear regression},
  author={Steinhardt, Jacob and Duchi, John},
  booktitle={Conference on Learning Theory},
  pages={1564--1587},
  year={2015}
}


@article{polyak1990new,
  title={New stochastic approximation type procedures},
  author={Polyak, Boris T},
  journal={Automat. i Telemekh},
  volume={7},
  number={98-107},
  pages={2},
  year={1990}
}

@article{Samford1953,
 author = {M. R. Sampford},
 journal = {The Annals of Mathematical Statistics},
 number = {1},
 pages = {130-132},
 publisher = {Institute of Mathematical Statistics},
 title = {Some Inequalities on Mill's Ratio and Related Functions},
 volume = {24},
 year = {1953}
}

@misc{lustig2009kt,
  title={KT sparse: high frame-rate dynamic magnetic resonance imaging exploiting spatio-temporal sparsity},
  author={Lustig, Michael and Santos, Juan M and Donoho, David L and Pauly, John M},
  year={2009},
  month=oct # "~13",
  publisher={Google Patents},
  note={US Patent 7,602,183}
}


@article{yamamoto1988rate,
  title={A rate-distortion problem for a communication system with a secondary decoder to be hindered},
  author={Yamamoto, Hirosuke},
  journal=IEEE_J_IT,
  volume={34},
  number={4},
  pages={835--842},
  year={1988},
  publisher={IEEE}
}

@article{sakrison1969rate,
  title={The rate distortion function for a class of sources},
  author={Sakrison, David J},
  journal={Information and Control},
  volume={15},
  number={2},
  pages={165--195},
  year={1969},
  publisher={Elsevier}
}

@article{sakrison1970rate,
  title={The rate of a class of random processes},
  author={Sakrison, D},
  journal=IEEE_J_IT,
  volume={16},
  number={1},
  pages={10--16},
  year={1970},
  publisher={IEEE}
}

@article{venkataramanan2014lossy,
  title={Lossy compression via sparse linear regression: Performance under minimum-distance encoding},
  author={Venkataramanan, Ramji and Joseph, Antony and Tatikonda, Sekhar},
  journal=IEEE_J_IT,
  volume={60},
  number={6},
  pages={3254--3264},
  year={2014},
  publisher={IEEE}
}

@article{fine1968response,
  title={The response of a particular nonlinear system with feedback to each of two random processes},
  author={Fine, T},
  journal=IEEE_J_IT,
  volume={14},
  number={2},
  pages={255--264},
  year={1968},
  publisher={IEEE}
}

@article{james1964distributions,
  title={Distributions of matrix variates and latent roots derived from normal samples},
  author={James, Alan T},
  journal={The Annals of Mathematical Statistics},
  pages={475--501},
  year={1964},
  publisher={JSTOR}
}

@article{rangan2016vector,
  title={Vector approximate message passing},
  author={Rangan, Sundeep and Schniter, Philip and Fletcher, Alyson},
  journal={arXiv preprint arXiv:1610.03082},
  year={2016}
}

@article{chang2009informative,
  title={Informative sensing},
  author={Chang, Hyun Sung and Weiss, Yair and Freeman, William T},
  journal={arXiv preprint arXiv:0901.4275},
  year={2009}
}

@ARTICLE{Sanderovitch2008,
author={A. Sanderovich and S. Shamai and Y. Steinberg and G. Kramer},
journal={Information Theory, IEEE Transactions on},
title={Communication Via Decentralized Processing},
year={2008},
volume={54},
number={7},
pages={3008-3023},
keywords={Gaussian processes;channel capacity;decoding;radio networks;wireless channels;Gaussian channel;Gaussian codebook capacity;decentralized processing;discrete memoryless channels;nomadic transmitter;remote destination;wireless network;wireline-based network;Decoding;Degradation;Frame relay;Gaussian channels;Information analysis;Source coding;Transmitters;Upper bound;Wire;Wireless networks;Cooperative reception;decentralized detection;relay channel;wireless networks},
doi={10.1109/TIT.2008.924659},
ISSN={0018-9448},
month={July},}

@article{InakiShamai2017,
  author    = {Inaki Estella Aguerri and
               Abdellatif Zaidi and
               Giuseppe Caire and
               Shlomo Shamai},
  title     = {On the Capacity of Cloud Radio Access Networks with Oblivious Relaying},
  journal   = {CoRR},
  volume    = {abs/1710.09275},
  year      = {2017},
  url       = {http://arxiv.org/abs/1710.09275},
  archivePrefix = {arXiv},
  eprint    = {1710.09275},
}

@article{dembo2003minimax,
  title={The minimax distortion redundancy in noisy source coding},
  author={Dembo, Amir and Weissman, Tsachy},
  journal={Information Theory, IEEE Transactions on},
  volume={49},
  number={11},
  pages={3020--3030},
  year={2003},
  publisher={IEEE}
}

@INPROCEEDINGS{4148779, 
author={P. Boufounos and R. Baraniuk}, 
booktitle={Data Compression Conference, 2007. DCC '07}, 
title={Quantization of Sparse Representations}, 
year={2007}, 
volume={}, 
number={}, 
pages={378-378}, 
keywords={convex programming;data compression;quantisation (signal);signal representation;compressive sensing;convex optimization;randomized basis functions;scalar quantization;signal acquisition technique;sparse representation quantisation;Bit rate;Costs;Extraterrestrial measurements;Instruments;Linear programming;Sampling methods;Signal sampling;Transform coding;Vector quantization;Writing}, 
doi={10.1109/DCC.2007.68}, 
ISSN={1068-0314}, 
month={March},}

@article{kailath1959sampling,
  title={Sampling models for linear time-variant filters},
  author={Kailath, Thomas},
  year={1959},
  publisher={Massachusetts Institute of Technology. Research Laboratory of Electronics}
}

@book{zemanian1965distribution,
  title={Distribution theory and transform analysis: an introduction to generalized functions, with applications},
  author={Zemanian, Armen H},
  year={1965},
  publisher={Courier Corporation}
}

@book{gelfand1964generalized,
  title={Generalized functions. Vol. 4.},
  author={Gelfand, Izrail Moiseevitch and Vilenkin, Naum {\^A}kovlevic and Feinstein, Amiel},
  year={1964},
  publisher={Academic press}
}

@book{beurling1989collected,
  title={The collected works of Arne Beurling: Complex analysis},
  author={Beurling, Arne and Carleson, Lennart},
  volume={1},
  year={1989},
  publisher={Birkhauser}
}

@book{adams1975sobolev,
  title={Sobolev Spaces. Adams},
  author={Adams, R.A.},
  series={Pure and applied mathematics},
  year={1975},
  publisher={Academic Press}
}

@article{voiculescu1991limit,
  title={Limit laws for random matrices and free products},
  author={Voiculescu, Dan},
  journal={Inventiones mathematicae},
  volume={104},
  number={1},
  pages={201--220},
  year={1991},
  publisher={Springer}
}

@article{tulino2004random,
  title={Random matrix theory and wireless communications},
  author={Tulino, Antonia M and Verd{\'u}, Sergio and others},
  journal={Foundations and Trends{\textregistered} in Communications and Information Theory},
  volume={1},
  number={1},
  pages={1--182},
  year={2004},
  publisher={Now Publishers, Inc.}
}

@inproceedings{cakmak2014s,
  title={{S-AMP}: Approximate message passing for general matrix ensembles},
  author={Cakmak, Burak and Winther, Ole and Fleury, Bernard H},
  booktitle={Information Theory Workshop (ITW), 2014 IEEE},
  pages={192--196},
  year={2014},
  organization={IEEE}
}

@article{barbier2017mutual,
  title={Mutual Information and Optimality of Approximate Message-Passing in Random Linear Estimation},
  author={Barbier, Jean and Macris, Nicolas and Dia, Mohamad and Krzakala, Florent},
  journal={arXiv preprint arXiv:1701.05823},
  year={2017}
}

@article{jacques2011dequantizing,
  title={Dequantizing compressed sensing: When oversampling and non-gaussian constraints combine},
  author={Jacques, Laurent and Hammond, David K and Fadili, Jalal M},
  journal=IEEE_J_IT,
  volume={57},
  number={1},
  pages={559--571},
  year={2011},
  publisher={IEEE}
}

@article{zhou2017refined,
  title={Refined asymptotics for rate-distortion using {G}aussian codebooks for arbitrary sources},
  author={Zhou, Lin and Tan, Vincent YF and Motani, Mehul},
  journal={arXiv preprint arXiv:1708.04778},
  year={2017}
}

@INPROCEEDINGS{7789612, 
author={R. Feldman and Y. Weiss and Y. C. Eldar}, 
booktitle={2016 IEEE Conference on Computer Vision and Pattern Recognition Workshops (CVPRW)}, 
title={Power-Efficient Cameras Using Natural Image Statistics}, 
year={2016}, 
volume={}, 
number={}, 
pages={945-953}, 
keywords={Haar transforms;cameras;compressed sensing;optical distortion;power consumption;wavelet transforms;Haar wavelet coefficients;compressed sensing cameras;direct sensing cameras;energy-distortion curves;high quality imaging;natural image statistics;power consumption;power-efficient cameras;power-law signals;sparse signals;Bit rate;Cameras;Distortion;Distortion measurement;Energy consumption;Quantization (signal);Sensors}, 
doi={10.1109/CVPRW.2016.122}, 
ISSN={}, 
month={June},}

@article{guo2011estimation,
  title={Estimation in Gaussian noise: Properties of the minimum mean-square error},
  author={Guo, Dongning and Wu, Yihong and Shitz, Shlomo S and Verd{\'u}, Sergio},
  journal={IEEE Transactions on Information Theory},
  volume={57},
  number={4},
  pages={2371--2385},
  year={2011},
  publisher={IEEE}
}

@article{kontoyiannis2006mismatched,
  title={Mismatched codebooks and the role of entropy coding in lossy data compression},
  author={Kontoyiannis, Ioannis and Zamir, Ram},
  journal={IEEE transactions on information theory},
  volume={52},
  number={5},
  pages={1922--1938},
  year={2006},
  publisher={IEEE}
}

@book{kontoyiannis1998recurrence,
  title={Recurrence and waiting times in stationary processes, and their applications in data compression},
  author={Kontoyiannis, Ioannis},
  year={1998},
  publisher={Department of Statistics, Stanford University}
}

@phdthesis{kipnis2017analog,
  title={Fundamental Distortion Limits of Analog-to-Digital Compression},
  author={Kipnis, Alon},
  school = {Stanford University},
  year={2018},
}

@article{masry2009field,
  title={Field estimation from randomly located binary noisy sensors},
  author={Masry, Elias and Ishwar, Prakash},
  journal={IEEE Transactions on Information Theory},
  volume={55},
  number={11},
  pages={5197--5210},
  year={2009},
  publisher={IEEE}
}

@ARTICLE{1413468, 
author={A. Giridhar and P. R. Kumar}, 
journal={IEEE Journal on Selected Areas in Communications}, 
title={Computing and communicating functions over sensor networks}, 
year={2005}, 
volume={23}, 
number={4}, 
pages={755-764}, 
keywords={sensor fusion;telecommunication computing;wireless sensor networks;communication-computation rate;data fusion;frequency histogram;random planar multihop network;type-sensitive function;type-threshold function;wireless sensor networks;Computer architecture;Computer networks;Contracts;Frequency;Histograms;Sensor fusion;Spread spectrum communication;Statistics;Temperature sensors;Wireless sensor networks;Communication and computation rate;data fusion;sensor network statistics collection;sensor networks}, 
doi={10.1109/JSAC.2005.843543}, 
ISSN={0733-8716}, 
month={April},}

@article{daubechies1998factoring,
  title={Factoring wavelet transforms into lifting steps},
  author={Daubechies, Ingrid and Sweldens, Wim},
  journal={Journal of Fourier analysis and applications},
  volume={4},
  number={3},
  pages={247--269},
  year={1998},
  publisher={Springer}
}

@article{donoho1998data,
  title={Data compression and harmonic analysis},
  author={Donoho, David L. and Vetterli, Martin and DeVore, Ronald A. and Daubechies, Ingrid},
  journal={IEEE Transactions on Information Theory},
  volume={44},
  number={6},
  pages={2435--2476},
  year={1998},
  publisher={IEEE}
}

@article{marco2010entropy,
  title={Entropy of highly correlated quantized data},
  author={Marco, Daniel and Neuhoff, David L},
  journal={IEEE Transactions on Information Theory},
  volume={56},
  number={5},
  pages={2455--2478},
  year={2010},
  publisher={IEEE}
}

@article{beutler1961sampling,
  title={Sampling theorems and bases in a Hilbert space},
  author={Beutler, Frederick J},
  journal={Information and Control},
  volume={4},
  number={2-3},
  pages={97--117},
  year={1961},
  publisher={Elsevier}
}

@article{unser1994general,
  title={A general sampling theory for nonideal acquisition devices},
  author={Unser, Michael and Aldroubi, Akram},
  journal={IEEE Transactions on Signal Processing},
  volume={42},
  number={11},
  pages={2915--2925},
  year={1994},
  publisher={IEEE}
}

@article{hammersley1950estimating,
  title={On estimating restricted parameters},
  author={Hammersley, JM},
  journal={Journal of the Royal Statistical Society. Series B (Methodological)},
  volume={12},
  number={2},
  pages={192--240},
  year={1950},
  publisher={JSTOR}
}

@INPROCEEDINGS{KipnisAllerton2017, 
author={Alon Kipnis and John C. Duchi}, 
booktitle={2017 55th Annual Allerton Conference on Communication, Control, and Computing (Allerton)}, 
title={Mean estimation from adaptive one-bit measurements}, 
year={2017}, 
volume={}, 
number={}, 
pages={1000-1007}, 
keywords={adaptive estimation;mean square error methods;adaptive estimation setting;asymptotic mean squared error;estimation performance equivalent;explicit estimator;mean estimation;normal distribution;one-bit measurements;one-bit restriction;single bit;single-bit;squared error risk;Estimation;Manganese;Noise measurement;Quantization (signal);Source coding;Standards}, 
doi={10.1109/ALLERTON.2017.8262847}, 
ISSN={}, 
month={Oct},}

@INPROCEEDINGS{KipnisRini2017ISIT, 
author={Alon Kipnis and Stefao Rini and Andrea J. Goldsmith}, 
booktitle={2017 IEEE International Symposium on Information Theory (ISIT)}, 
title={Coding theorems for the compress and estimate source coding problem}, 
year={2017}, 
volume={}, 
number={}, 
pages={2568-2572}, 
keywords={sequential codes;source coding;CE distortion-rate function;coding theorems;compress source coding problem;compress-and-estimate scheme;estimate source coding problem;finite sub-block;lossy compressed sequence;memoryless channel;noisy observations;observation sequence;optimal remote source coding problem;remote encoder;remote source coding setting;single-letter expression;source realization;Decoding;Distortion;Estimation;Memoryless systems;Noise measurement;Source coding}, 
doi={10.1109/ISIT.2017.8006993}, 
ISSN={}, 
month={June},}

@book{siegmund2013sequential,
  title={Sequential analysis: tests and confidence intervals},
  author={Siegmund, David},
  year={2013},
  publisher={Springer Science \& Business Media}
}

@article{foschini1988characterizing,
  title={Characterizing filtered light waves corrupted by phase noise},
  author={Foschini, Gerard J. and Vannucci, Giovanni},
  journal={IEEE Transactions on Information Theory},
  volume={34},
  number={6},
  pages={1437--1448},
  year={1988},
  publisher={IEEE}
}

@article{xiong2004distributed,
  title={Distributed source coding for sensor networks},
  author={Xiong, Zixiang and Liveris, Angelos D and Cheng, Samuel},
  journal={IEEE signal processing magazine},
  volume={21},
  number={5},
  pages={80--94},
  year={2004},
  publisher={IEEE}
}

@ARTICLE{1184140, 
author={S. S. Pradhan and K. Ramchandran}, 
journal={IEEE Transactions on Information Theory}, 
title={Distributed source coding using syndromes (DISCUS): design and construction}, 
year={2003}, 
volume={49}, 
number={3}, 
pages={626-643}, 
keywords={Gaussian processes;algebraic codes;correlation methods;decoding;quantisation (signal);rate distortion theory;source coding;trellis codes;algebraic trellis codes;correlated distributed source compression;coset construction;decoder;distributed source coding using syndromes;i.i.d. Gaussian sources;independent identically distributed sources;information theory;lossless coding;lossy coding;noisy source;rate-distortion;side information;simulation results;trellis-based quantization;Convolutional codes;Decoding;Gaussian noise;Image sensors;Information theory;Layout;Quantization;Sensor arrays;Sensor phenomena and characterization;Source coding}, 
doi={10.1109/TIT.2002.808103}, 
ISSN={0018-9448}, 
month={Mar},}


@INPROCEEDINGS{7039920, 
author={K. Nar and T. Basar}, 
booktitle={53rd IEEE Conference on Decision and Control}, 
title={Sampling multidimensional {W}iener processes}, 
year={2014}, 
volume={}, 
number={}, 
pages={3426-3431}, 
keywords={infinite horizon;multidimensional systems;observers;sampling methods;stochastic processes;average communication frequency;continuous time;event-triggered sampling;finite horizon;hard constraint;infinite horizon;multidimensional Wiener process sampling;observer estimator communication;optimal constant threshold;optimal policy;optimal scheduling problem;Dynamic programming;Laboratories;Observers;Optimal scheduling;Time-frequency analysis;Vectors}, 
doi={10.1109/CDC.2014.7039920}, 
ISSN={0191-2216}, 
month={Dec},}

@INPROCEEDINGS{SunPolyanski, 
author={Y. Sun and Y. Polyanskiy and E. Uysal-Biyikoglu}, 
booktitle={2017 IEEE International Symposium on Information Theory (ISIT)}, 
title={Remote estimation of the Wiener process over a channel with random delay}, 
year={2017}, 
volume={}, 
number={}, 
pages={321-325}, 
keywords={delays;mean square error methods;queueing theory;signal processing;stochastic processes;remote estimation;Wiener process;random delay channel;real-time estimate;received samples;age-of-information;optimal sampling strategy;mean square estimation error;sampling frequency constraint;threshold policy;optimal threshold;zero-wait sampling;optimal sampling problem;age-of-information optimization problem;estimation error;classic uniform sampling;age-optimal sampling;Silicon;Delays;Channel estimation;Estimation;Time-frequency analysis;Optimization}, 
doi={10.1109/ISIT.2017.8006542}, 
ISSN={2157-8117}, 
month={June},}

@article{kanlis1996typicality,
  title={Typicality of a good rate-distortion code},
  author={Kanlis, Angelos and Khudanpur, Sanjeev and Narayan, Prakash},
  journal={Problems of Information Transmission},
  volume={32},
  number={1},
  pages={96--103},
  year={1996},
  publisher={Citeseer}
}

@article{sahai2006necessity,
  title={The necessity and sufficiency of anytime capacity for stabilization of a linear system over a noisy communication link Part I: Scalar systems},
  author={Sahai, Anant and Mitter, Sanjoy},
  journal={IEEE transactions on Information Theory},
  volume={52},
  number={8},
  pages={3369--3395},
  year={2006},
  publisher={IEEE}
}


@INPROCEEDINGS{MurrayKipnis2018, 
author={Georgia Murray and Alon Kipnis and Andrea J. Goldsmith}, 
booktitle={2018 52nd Annual Conference on Information Sciences and Systems (CISS)}, 
title={Lossy compression of decimated Gaussian random walks}, 
year={2018}, 
volume={}, 
number={}, 
pages={1-6}, 
keywords={Gaussian processes;data compression;decoding;mean square error methods;random processes;source coding;decimated Gaussian random walks;decimated random walk;decimated sequence;decimation factor;estimate-and-compress source coding;lossy compression;mean squared error criterion;original random walk;Bit rate;Decoding;Distortion;Source coding;Standards;Xenon;Gaussian random walk;Indirect source coding;Wiener process}, 
doi={10.1109/CISS.2018.8362283}, 
ISSN={}, 
month={March},}

@INPROCEEDINGS{akyol2014source, 
author={E. Akyol and U. Mitra and E. Tuncel and K. Rose}, 
booktitle={2014 IEEE International Symposium on Information Theory}, 
title={Source coding in the presence of exploration-exploitation tradeoff}, 
year={2014}, 
volume={}, 
number={}, 
pages={2057-2061}, 
keywords={codecs;random processes;source coding;multi-terminal encoding settings;single terminal encoding settings;storage reduction;RB approach;random binnng approach;CCE;conditional codebook encoding;scalable coding;high complexity fusion center;decoder;low complexity data gathering agent;encoder;mobile agent;exploration-exploitation tradeoff;source coding;Decoding;Distortion measurement;Markov processes;Source coding;Receivers}, 
doi={10.1109/ISIT.2014.6875195}, 
ISSN={2157-8117}, 
month={June},}

@ARTICLE{1053707, 
author={T. Fine}, 
journal={IEEE Transactions on Information Theory}, 
title={Properties of an optimum digital system and applications}, 
year={1964}, 
volume={10}, 
number={4}, 
pages={287-296}, 
keywords={Digital communications;Optimization methods}, 
doi={10.1109/TIT.1964.1053707}, 
ISSN={0018-9448}, 
month={October},}

@article{bagnoli2005log,
  title={Log-concave probability and its applications},
  author={Bagnoli, Mark and Bergstrom, Ted},
  journal={Economic theory},
  volume={26},
  number={2},
  pages={445--469},
  year={2005},
  publisher={Springer}
}

@article{plan2013one,
  title={One-Bit Compressed Sensing by Linear Programming},
  author={Plan, Yaniv and Vershynin, Roman},
  journal={Communications on Pure and Applied Mathematics},
  volume={66},
  number={8},
  pages={1275--1297},
  year={2013},
  publisher={Wiley Online Library}
}

@article{jacques2013robust,
  title={Robust 1-bit compressive sensing via binary stable embeddings of sparse vectors},
  author={Jacques, Laurent and Laska, Jason N and Boufounos, Petros T and Baraniuk, Richard G},
  journal={IEEE Transactions on Information Theory},
  volume={59},
  number={4},
  pages={2082--2102},
  year={2013},
  publisher={IEEE}
}

@article{li2017channel,
  title={Channel estimation and performance analysis of one-bit massive MIMO systems},
  author={Li, Yongzhi and Tao, Cheng and Seco-Granados, Gonzalo and Mezghani, Amine and Swindlehurst, A Lee and Liu, Liu},
  journal={IEEE Trans. Signal Process},
  volume={65},
  number={15},
  pages={4075--4089},
  year={2017}
}

@article{choi2016near,
  title={Near maximum-likelihood detector and channel estimator for uplink multiuser massive MIMO systems with one-bit ADCs},
  author={Choi, Junil and Mo, Jianhua and Heath, Robert W},
  journal={IEEE Transactions on Communications},
  volume={64},
  number={5},
  pages={2005--2018},
  year={2016},
  publisher={IEEE}
}

@article{ibragimov1956composition,
  title={On the composition of unimodal distributions},
  author={Ibragimov, Ildar Abdullovich},
  journal={Theory of Probability \& Its Applications},
  volume={1},
  number={2},
  pages={255--260},
  year={1956},
  publisher={SIAM}
}

@inproceedings{han2018distributed,
  title={Distributed Statistical Estimation of High-Dimensional and Nonparametric Distributions},
  author={Han, Yanjun and Mukherjee, Pritam and Ozgur, Ayfer and Weissman, Tsachy},
  booktitle={2018 IEEE International Symposium on Information Theory (ISIT)},
  pages={506--510},
  year={2018},
  organization={IEEE}
}

@article{DBLP:journals/corr/abs-1802-08417,
  author    = {Yanjun Han and
               Ayfer {\"{O}}zg{\"{u}}r and
               Tsachy Weissman},
  title     = {Geometric Lower Bounds for Distributed Parameter Estimation under
               Communication Constraints},
  journal   = {CoRR},
  volume    = {abs/1802.08417},
  year      = {2018},
  url       = {http://arxiv.org/abs/1802.08417},
  archivePrefix = {arXiv},
  eprint    = {1802.08417},
  timestamp = {Mon, 13 Aug 2018 16:47:09 +0200},
  biburl    = {https://dblp.org/rec/bib/journals/corr/abs-1802-08417},
  bibsource = {dblp computer science bibliography, https://dblp.org}
}

@ARTICLE{KipnisWiener, 
author={Alon Kipnis and Andrea J. Goldsmith and Yonina C. Eldar}, 
journal={IEEE Transactions on Information Theory}, 
title={The Distortion-Rate Function of Sampled Wiener Processes}, 
year={2018}, 
volume={}, 
number={}, 
pages={1-1}, 
keywords={Distortion;Source coding;Bit rate;Power capacitors;Decoding;Estimation;Brownian motion;Wiener process;sampling;remote source coding;lossy compression;analog to digital conversion;compress and estimate;Brownian bridge}, 
doi={10.1109/TIT.2018.2878446}, 
ISSN={0018-9448}, 
month={},}

@book{csiszár2011information,
  title={Information Theory: Coding Theorems for Discrete Memoryless Systems},
  author={Csisz{\'a}r, I. and K{\"o}rner, J.},
  isbn={9781139499989},
  year={2011},
  publisher={Cambridge University Press}
}

@unpublished{ITdatascience2019,
  title = {Information-theoretic methods in data science},
  author = {Yonina C. Eldar and Miguel R. D. Rodrigez},
  note = {expected in print in 2019},
  publisher = {Cambridge University Press},
}

@article{xu2017information,
  title={Information-theoretic lower bounds on bayes risk in decentralized estimation},
  author={Xu, Aolin and Raginsky, Maxim},
  journal={IEEE Transactions on Information Theory},
  volume={63},
  number={3},
  pages={1580--1600},
  year={2017},
  publisher={IEEE}
}

@article{duchi2014optimality,
  title={Optimality guarantees for distributed statistical estimation},
  author={Duchi, John C and Jordan, Michael I and Wainwright, Martin J and Zhang, Yuchen},
  journal={arXiv preprint arXiv:1405.0782},
  year={2014}
}

@article{dantzig1940non,
  title={On the non-existence of tests of" Student's" hypothesis having power functions independent of $\sigma$},
  author={Dantzig, George B},
  journal={The Annals of Mathematical Statistics},
  volume={11},
  number={2},
  pages={186--192},
  year={1940},
  publisher={JSTOR}
}

@article{stein1945two,
  title={A two-sample test for a linear hypothesis whose power is independent of the variance},
  author={Stein, Charles},
  journal={The Annals of Mathematical Statistics},
  volume={16},
  number={3},
  pages={243--258},
  year={1945},
  publisher={JSTOR}
}

@INPROCEEDINGS{Barnes2018, 
author={L. Barnes and Y. Han and A. Ozgur}, 
booktitle={2018 56st Annual Allerton Conference on Communication, Control, and Computing (Allerton)}, 
title={A Geometric Characterization of Fisher Information from Quantized Samples with Applications to Distributed Statistical Estimation}, 
year={2018}, 
month={Oct},
}

@Article{Hajek1970,
author="H{\'a}jek, Jaroslav",
title="A characterization of limiting distributions of regular estimates",
journal="Zeitschrift f{\"u}r Wahrscheinlichkeitstheorie und Verwandte Gebiete",
year="1970",
month="Dec",
day="01",
volume="14",
number="4",
pages="323--330",
issn="1432-2064",
doi="10.1007/BF00533669",
}

@book{ibragimov2013statistical,
  title={Statistical estimation: asymptotic theory},
  author={Ibragimov, Ilʹdar Abdulovich and Has' Minskii, Rafail Zalmanovich},
  volume={16},
  year={2013},
  publisher={Springer Science \& Business Media}
}

@article{beran1995role,
  title={The role of H{\'a}jek's convolution theorem in statistical theory},
  author={Beran, Rudolf},
  journal={Kybernetika},
  volume={31},
  number={3},
  pages={221--237},
  year={1995},
  publisher={Institute of Information Theory and Automation AS CR}
}